1763 2983
205 313 223 345 4

204 477 222 507 5

199 591 218 621 6

206 774 213 797 Α

199 879 218 910 8

200 1105 220 1136 9

183 1330 223 1360 10

182 1447 218 1479 11

249 201 273 241 8
759 199 884 233 LlBER
910 198 963 232 VI.
1005 199 1096 232 CAP.
1124 201 1153 232 2.
1509 209 1532 226 a.
1552 210 1579 227 u.
1600 203 1660 228 365.

251 315 365 352 quam
389 302 569 352 ambigua
598 302 672 340 lide
703 301 743 340 in
773 300 939 341 amicitia
969 302 1101 353 populi
1126 303 1290 342 Romani
1309 304 1473 342 fuerant.
1517 304 1657 354 itaque,

249 371 338 398 cum
350 358 448 398 tanti
461 358 637 409 undique
656 363 825 397 terrores
839 357 1152 406 circumstarent,
1174 366 1457 412 appareretque
1474 360 1658 398 omnibus

247 426 327 454 non
351 415 439 454 odio
462 415 590 453 solum
612 415 714 466 apud
745 414 868 454 hostis
906 415 974 455 sed
1002 421 1233 467 contemptu
1268 417 1384 455 ctiam
1412 416 1513 455 inter
1533 417 1658 455 socios

248 483 394 511 nomen
424 472 645 510 Romanum
680 472 872 519 laborare,
910 472 1052 523 placuit
1089 473 1263 512 eiusdem
1293 472 1473 524 auspiciis
1503 473 1659 512 defendi

246 541 328 567 rem
359 528 572 579 publicam,
611 528 719 568 cuius
755 534 982 580 recuperata
1012 534 1135 575 esset,
1173 530 1480 580 dictatoremque
1509 529 1584 569 dici
1609 530 1657 569 M.

247 584 410 624 Furium
432 584 646 624 Camillum.
690 585 722 624 is
751 585 916 624 dictator
937 586 976 624 C.
1002 586 1209 625 Servilium
1236 586 1393 625 Ahalam
1425 586 1658 636 magistrum

249 641 425 692 equitum
449 641 557 688 dixit,
580 641 978 693 iustitioque‘indicto
1001 642 1187 682 dilectum
1210 643 1409 682 iuniorum
1431 643 1577 689 habuit,
1606 643 1660 683 ita

246 703 290 737 ut
311 697 488 737 seniores
510 711 679 750 quoque,
702 699 843 750 quibus
865 699 1008 750 aliquid
1037 699 1189 738 roboris
1211 705 1451 751 superesset,
1482 700 1521 738 in
1544 700 1658 739 verba

247 768 316 794 sua
337 755 485 794 iuratos
507 755 757 795 centuriaret.
781 756 993 795 exercitum
1014 756 1279 807 conscriptum
1297 762 1570 808 armatumque
1588 757 1660 796 tri-

248 811 382 850 fariam
405 811 546 850 divisit.
590 818 740 863 partem
763 824 883 852 unam
905 812 945 851 in
967 825 1057 863 agro
1076 813 1240 852 Veiente
1262 813 1441 852 Etruriae
1463 813 1658 864 opposuit,

247 868 405 908 alteram
429 873 518 907 ante
540 869 680 908 urbem
703 875 827 909 castra
856 870 982 908 locare
1007 869 1142 916 iussit,
1171 870 1319 909 tribuni
1344 869 1511 908 militum
1534 870 1593 909 his
1616 870 1657 909 A.

246 925 432 970 Manlius,
462 925 551 971 illis,
583 926 649 977 qui
679 926 862 965 adversus
886 925 1073 965 Etruscos
1105 926 1373 973 mittebantur,
1404 927 1445 964 L.
1470 927 1657 966 Aemilius

247 982 512 1033 praepositus3
543 982 693 1022 tertiam
726 988 875 1033 partem
906 983 987 1034 ipse
1018 984 1063 1021 ad
1087 983 1245 1022 Volscos
1271 983 1392 1029 duxit,
1423 995 1496 1022 nec
1524 984 1659 1034 procul

246 1051 266 1077 a
288 1038 460 1077 Lanuvio
483 1061 535 1066 —-
564 1039 609 1077 ad
633 1039 797 1078 Mecium
828 1039 859 1079 is
888 1040 994 1078 locus
1024 1039 1164 1079 dicitur
1187 1063 1241 1068 —
1277 1044 1402 1078 castra
1433 1053 1659 1091 oppugnare

251 1100 311 1134 est
332 1095 500 1134 adortus.
544 1095 685 1147 quibus
708 1095 753 1135 ab
777 1101 1016 1147 contemptu,
1040 1096 1143 1147 quod
1165 1108 1286 1148 prope
1309 1108 1469 1135 omnem
1492 1097 1657 1137 deletam

246 1165 267 1192 a
297 1151 413 1190 Gallis
444 1152 662 1191 Romanam
693 1153 937 1191 iuventutem
967 1153 1192 1198 crederent,
1221 1153 1268 1191 ad
1298 1152 1444 1192 bellum
1477 1154 1659 1204 profectis

248 1213 399 1247 tantum
423 1207 606 1247 Camillus
629 1208 783 1247 auditus
804 1209 1015 1259 imperator
1030 1209 1192 1248 terroris
1215 1209 1410 1256 intulerat,
1434 1216 1477 1249 ut
1501 1211 1596 1249 vallo
1617 1223 1660 1249 se

246 1264 332 1316 ipsi,
357 1265 497 1303 vallum
516 1264 711 1315 congestis
728 1265 931 1315 arboribus
950 1266 1157 1317 saepirent,
1181 1278 1230 1304 ne
1248 1279 1323 1317 qua
1340 1265 1486 1305 intrare
1504 1267 1551 1305 ad
1570 1279 1659 1305 mu-

248 1320 426 1360 nimenta
448 1321 572 1360 hostis
594 1327 741 1373 posset.
785 1322 887 1372 quod
910 1322 976 1361 ubi
1007 1322 1280 1361 animadvertit
1301 1322 1495 1369 Camillus,
1525 1322 1657 1374 ignem

245 1378 286 1416 in
309 1378 500 1417 obiectam
524 1391 680 1429 saepem
710 1378 806 1417 coici
827 1378 961 1425 iussit3
991 1384 1029 1417 et
1057 1379 1158 1417 forte
1188 1383 1269 1418 erat
1298 1378 1354 1417 vis
1384 1391 1523 1430 magna
1552 1380 1658 1418 venti

248 1447 357 1474 versa
379 1434 420 1473 in
442 1435 618 1474 hostem:
649 1434 780 1486 itaque
808 1447 889 1475 non
912 1435 1065 1486 aperuit
1085 1435 1210 1474 solum
1233 1434 1415 1474 incendio
1438 1435 1559 1483 viam,
1589 1437 1659 1475 sed

246 1535 333 1576 sein,
373 1534 426 1566 die
452 1534 516 1566 268
548 1545 578 1566 3.
605 1546 635 1566 u.
666 1536 724 1567 das
750 1535 915 1567 Biindniss

246 1580 429 1620 schlossen,
455 1580 547 1612 nicht
571 1590 636 1611 von
662 1581 724 1612 den
741 1580 915 1621 Latinern,

245 1625 298 1656 die
324 1626 426 1657 schon
451 1625 511 1657 261
540 1625 834 1666 Bundcsgenossen
859 1636 916 1666 ge-

245 1671 381 1702 worden
405 1677 531 1711 waren,
563 1671 630 1710 vgl.
657 1672 711 1712 23,
737 1671 790 1709 42,
817 1671 846 1702 3.
872 1688 916 1694 —-

245 1717 387 1756 amicit„
411 1715 465 1747 die
482 1715 690 1748 freundliche
710 1715 915 1756 Gesinnung,

246 1761 311 1793 wie
329 1760 377 1792 518
396 1765 495 1792 unter
518 1760 747 1793 verhiindeten
765 1761 914 1794 Vo'lkern

246 1806 447 1837 stattfindet:
479 1805 916 1846 Freundschaftshiindniss,

246 1852 364 1883 dessen
378 1851 611 1892 Bedingungen
625 1851 677 1883 die
688 1851 827 1884 Latiuer
840 1856 915 1884 treu

245 1897 400 1935 gehalten
417 1896 542 1936 haben3
570 1897 636 1937 vgl.
660 1897 709 1933 10,
728 1897 783 1937 45,
802 1897 835 1928 6;
860 1899 918 1938 qni

241 1941 424 1984 permultos
435 1952 541 1973 menos
553 1943 586 1972 in
600 1943 752 1973 (unicam
762 1943 914 1984 fuerant.

294 1987 391 2018 5—6.
414 1986 541 2029 placuit
558 1998 587 2018 11.
605 1989 747 2019 senatui.
765 2007 809 2010 -—
827 1989 915 2019 eius-

245 2032 317 2064 dem
332 2034 454 2075 auspic.
472 2049 514 2055 —
530 2034 635 2071 cuia-r,
649 2033 758 2064 indem
772 2033 820 2065 sie
833 2033 914 2064 eben

245 2077 434 2110 demselben
452 2077 656 2119 iibertragen
678 2079 824 2120 werden,
849 2077 914 2109 wie

244 2123 343 2155 ductu
356 2125 564 2166 auspicioque
576 2123 740 2165 Scipionis
760 2123 812 2161 28,
829 2124 882 2164 38,
901 2125 914 2155 1

245 2180 276 2199 u.
302 2179 331 2200 a.
356 2186 401 2191 —
424 2170 584 2208 seniores,
615 2169 709 2201 diese
735 2174 829 2201 sonst
854 2180 918 2201 nur

244 2225 317 2245 zum
343 2214 485 2245 Schutze
519 2215 578 2245 der
603 2215 700 2246 Stadt
733 2214 916 2255 bestiinmt,

244 2259 312 2299 vgl.
340 2260 369 2298 5,
400 2259 456 2296 10;
487 2260 516 2299 1,
540 2260 595 2299 43,
617 2260 644 2299 1,
671 2260 805 2291 werden
827 2259 916 2300 jetzt

244 2314 358 2345 wegen
374 2304 432 2335 der
445 2304 602 2345 gei-ingen
613 2304 696 2336 Zahl
705 2305 765 2336 der
775 2305 914 2346 Biirger,

244 2349 311 2390 vgl.
331 2348 352 2390 ξ
371 2351 402 2388 9,
428 2350 511 2381 auch
537 2360 609 2381 zum
637 2349 771 2382 Dienste
797 2360 916 2383 3115581·

244 2395 303 2426 der
319 2394 416 2426 stadt
433 2394 643 2435 ausgeboten,
661 2405 686 2426 5.
706 2406 733 2425 c.
754 2396 784 2435 6,
808 2395 855 2427 14.
872 2413 914 2418 -

244 2441 384 2479 iuratos,
410 2440 467 2471 das
501 2445 753 2480 sacramentum,
793 2441 823 2479 3,
854 2441 913 2479 2Ο;

246 2485 440 2526 Mal-quardt
454 2485 484 2524 3,
500 2486 532 2524 2,
547 2485 630 2519 288:
651 2485 726 2516 292.
747 2503 786 2508 -—-
805 2488 914 2517 centic—

244 2531 365 2569 rz'aret,
391 2540 428 2562 er
445 2530 583 2562 ordnete
601 2531 651 2562 sie
670 2529 700 2561 in
720 2530 914 2571 besondere,

244 2585 310 2607 von
334 2575 396 2607 den
422 2577 569 2607 ium'ores
591 2579 766 2615 gen-eunte
789 2574 910 2607 Centu-

246 2620 337 2659 rienr,
354 2621 409 2663 22,
427 2620 481 2662 38,
499 2622 536 2661 33
557 2621 608 2661 10,
625 2621 680 2660 21,
694 2621 725 2652 4.
738 2638 783 2643 —
799 2630 913 2652 arma-

987 1538 1077 1575 tum,
1114 1535 1207 1566 viell’.
1235 1535 1309 1567 eine
1334 1534 1549 1577 Andeutung‚
1582 1537 1659 1569 dass

988 1582 1070 1613 auch
1086 1580 1248 1612 Aermere
1267 1579 1400 1612 &Vaffen
1426 1581 1602 1621 erhielten,
1630 1593 1655 1614 5.

989 1627 1020 1667 3,
1049 1627 1097 1667 15,
1122 1626 1160 1664 ὃς
1189 1625 1241 1665 10,
1261 1626 1312 1666 21,
1332 1626 1373 1664 4;
1400 1625 1512 1667 Lange
1535 1628 1563 1668 1,
1582 1628 1656 1667 400,

989 1672 1109 1703 andei-s
1127 1682 1155 1702 c.
1175 1671 1228 1710 24,
1245 1671 1276 1703 2.

1034 1718 1064 1749 8.
1077 1716 1124 1747 ad
1136 1716 1172 1748 V
1171 1716 1236 1747 olsc
1249 1740 1256 1754 ‚
1271 1716 1335 1747 wie
1349 1718 1471 1748 voi-her
1483 1716 1658 1757 adversus,

992 1763 1020 1801 1,
1039 1763 1068 1800 5,
1088 1762 1117 1793 7.
1142 1780 1185 1784 ——
1210 1760 1256 1791 ad
1271 1760 1412 1793 Mecium
1433 1762 1657 1794 wahrschein-

989 1807 1054 1838 lieh
1079 1806 1207 1846 collem,
1239 1807 1298 1838 der
1324 1807 1386 1838 Ort
1411 1807 1516 1839 selbst
1541 1808 1572 1838 in
1599 1809 1658 1839 der

988 1852 1081 1885 N'zihe
1101 1862 1165 1883 von
1183 1852 1367 1883 Lanuvium
1386 1852 1430 1883 ist
1447 1852 1538 1884 nicht
1556 1853 1658 1884 11ἰί1181·

988 1897 1143 1937 bekannt,
1167 1897 1218 1928 die
1235 1897 1341 1928 tribus
1359 1896 1486 1929 Maecia
1502 1898 1533 1936 8,
1555 1899 1592 1929 17
1612 1898 1658 1929 ist

988 1943 1054 1974 wol
1072 1942 1155 1974 nach
1172 1942 1236 1974 ihm
1259 1947 1412 1982 genannt.
1450 1942 1544 1975 Nach
1561 1943 1656 1974 Diod.

988 1997 1100 2020 waren
1117 1987 1169 2019 die
1187 1987 1306 2019 Ro'mer
1325 1986 1363 2019 ἐν
1380 1987 1429 2029 τῴ
1446 1988 1656 2031 καλουμένῳ

987 2035 1158 2078 ΝῙαρκίῳ,
1184 2033 1445 2073 gelagert,nacl1
1464 2032 1549 2065 Plut.
1574 2035 1657 2076 περὶ

991 2076 1030 2110 τὸ
1056 2076 1229 2121 Mc29mov
1261 2075 1345 2120 ὅρος
1375 2078 1657 2120 eingeschlossen,

990 2124 1041 2156 als
1061 2124 1159 2155 ihnen
1178 2122 1337 2154 Camillus
1356 2122 1453 2154 Hiilfe
1471 2123 1600 2164 bringt3
1620 2123 1655 2156 L.

989 2168 1074 2211 folgt
1088 2169 1181 2201 einer
1193 2169 1337 2200 anderen
1353 2167 1582 2208 Darstellung,
1599 2169 1658 2202 hat

989 2215 1069 2246 aber
1087 2215 1141 2246 die
1167 2224 1229 2245 von
1247 2213 1333 2245 Plut.
1358 2224 1390 2244 u.
1409 2214 1448 2245 A.
1473 2213 1657 2246 berichtete

988 2260 1049 2292 mit
1066 2261 1127 2291 den
1150 2258 1389 2302 Populzgfugv'a,
1415 2259 1446 2290 d.
1465 2260 1495 2290 5.
1520 2259 1598 2299 ι1111.,
1624 2259 1654 2290 111

988 2305 1203 2345 Verbindung
1219 2308 1367 2344 gesetzte
1385 2304 1468 2344 Sage
1493 2304 1656 2344 1111815311-

987 2361 1065 2391 gen,
1082 2350 1182 2382 Peter
1203 2351 1230 2388 1,
1249 2349 1323 2381 219.

1033 2396 1154 2427 9-11.
1180 2394 1268 2436 quod
1290 2413 1332 2417 ——
1357 2393 1539 2434 crederent,
1564 2394 1655 2433 weil,

988 2441 1052 2472 wie
1070 2440 1118 2471 sie
1135 2440 1304 2480 glaubten,
1328 2450 1358 2471 u.
1382 2450 1406 2471 s.
1425 2449 1478 2476 w.,
1495 2449 1520 2470 s.
1546 2438 1600 2479 21,
1628 2440 1654 2480 l,

988 2488 1024 2525 33
1052 2485 1118 2525 vgl.
1137 2486 1168 2525 6,
1187 2486 1218 2526 6,
1237 2486 1272 2516 5:
1298 2484 1386 2526 qnod
1401 2503 1441 2507 —
1459 2483 1605 2516 dicerent
1622 2495 1654 2516 u.

988 2541 1016 2562 a.
1034 2548 1078 2552 —
1097 2540 1197 2573 prope
1213 2541 1290 2571 om.,
1312 2540 1338 2561 s.
1363 2531 1394 2570 5,
1411 2532 1464 2569 39,
1483 2529 1511 2561 4.
1530 2548 1573 2552 ——-
1593 2529 1655 2560 Ca-

985 2574 1099 2607 miuus
1122 2575 1200 2608 and.
1227 2577 1318 2618 imp„
1343 2586 1369 2607 s.
1394 2575 1424 2613 2,
1451 2574 1502 2613 18,
1525 2576 1562 2610 9;
1594 2585 1672 2617 Ζυιχ

988 2621 1177 2653 Construct.
1205 2623 1234 2660 3,
1263 2621 1316 2661 50,
1342 2622 1371 2652 3.
1397 2637 1436 2643 -
1466 2618 1587 2651 vallam
1612 2637 1654 2642 —
