1763 2983
197 175 280 216 322

619 172 745 205 LIBER
770 172 895 205 XXIII.
931 173 1022 206 CAP.
1056 177 1105 208 17.
1136 176 1185 213 18,

1452 182 1478 200 a..
1498 183 1527 200 u.
1547 174 1607 200 538.

138 283 178 314 10
198 276 412 317 Cannensis
437 287 601 326 pugnae.
648 275 701 313 ibi
732 288 822 313 cuni
852 275 932 314 dies
963 276 1108 327 aliquot
1137 278 1306 327 suspecti
1337 278 1540 327 Campanis
1569 278 1619 316 ti-

196 338 426 383 mentesque
456 331 635 369 cavendis
667 344 711 369 ac
743 332 937 370 struendis
966 332 1007 370 in
1029 333 1152 371 viceni
1175 334 1322 372 insidiis
1348 334 1618 381 traduxissent,

196 395 239 428 ut
261 389 307 427 de
331 388 482 438 Capuae
504 388 719 426 defectione
742 388 801 438 agi
823 388 1020 439 accipique
1040 389 1295 428 Hannibalem
1316 390 1405 428 satis
1426 402 1497 440 pro
1512 395 1616 428 certo

199 445 380 491 habuere,
411 445 623 482 interfectis
655 450 768 482 nocte
789 445 991 495 oppidanis
1014 451 1160 496 partem
1182 446 1303 493 urbis,
1335 458 1432 496 quae
1453 447 1507 484 cis
1527 447 1620 485 Vol-

140 515 175 545 11
198 508 361 541 turnum
393 507 450 539 est
470 523 524 527 *-
556 513 601 539 eo
634 501 738 538 enini
772 501 954 539 dividitur
983 502 1086 540 amni
1112 525 1178 548 —,
1209 515 1472 553 occupavere3
1503 502 1623 553 idque

198 558 365 609 praesidi
397 557 549 595 Casilini
577 557 769 595 habehant
788 558 965 595 Romani.
1016 558 1168 597 additur
1199 564 1236 597 et
1258 559 1445 597 Perusina
1467 559 1622 606 cohors,

198 615 378 652 homines
407 614 679 664 quadringenti
710 614 924 664 sexaginta,
953 615 1090 652 eodem
1122 615 1258 653 nuntio
1283 627 1360 665 quo
1383 615 1625 653 Praenestini

140 688 178 720 12
198 683 344 721 paucos
371 676 458 708 ante
490 670 570 708 dies
592 670 800 708 Casilinum
833 671 1023 720 conpulsi.
1064 677 1101 709 et
1126 672 1215 709 satis
1236 673 1359 709 ferme
1382 677 1622 710 armatorum

200 728 246 765 ad
277 733 354 765 tani
377 727 513 776 exigua
531 727 685 765 moenia
706 732 742 765 et
763 727 924 765 flumine
947 727 1062 765 altera
1084 733 1192 778 parte
1213 728 1335 765 cincta
1358 728 1501 765 tuenda
1522 733 1622 773 erat3

199 784 363 834 penuria
384 783 583 829 frumenti,
608 783 769 821 nimium
793 784 905 821 etiam
924 784 1168 822 utvideretur
1181 784 1400 830 hominum,
1423 783 1623 822 efficiebat.

125 848 179 887 18

314 839 506 878 Hannibal
537 852 626 877 cum
656 840 731 877 iam
762 840 851 877 inde
882 840 985 878 haud
1017 840 1154 890 procul
1185 846 1295 886 esset,
1328 840 1508 878 Gaetulos
1534 852 1625 878 cum

199 898 393 947 praefecto
426 896 585 934 nomine
617 897 733 934 Isalca
764 896 989 946 praemittit,
1021 909 1064 934 ac
1090 897 1239 947 prium,
1269 897 1300 934 si
1330 896 1395 935 fiat
1426 896 1625 947 conloquii

199 953 320 1003 copia,
349 952 476 990 verbis
506 953 683 1003 benignis
713 952 760 990 ad
780 959 910 1002 portas
933 953 1165 1003 aperiundas
1185 953 1501 1003 praesidiumque
1522 953 1624 991 acci-

198 1009 385 1059 piendum
410 1009 594 1059 perlicere
620 1009 737 1053 iubet,
769 1009 800 1046 si
821 1009 861 1046 in
884 1009 1093 1059 pertinacia
1115 1014 1298 1059 perstent,
1329 1009 1365 1046 vi
1387 1021 1470 1047 rein
1491 1021 1624 1059 gerere

160 1074 178 1105 2
201 1078 244 1103 ac
273 1071 470 1115 temptare,
503 1065 533 1102 si
558 1076 631 1114 qua
659 1070 765 1114 parte
786 1065 968 1103 invadere
989 1065 1128 1103 urbem
1152 1065 1286 1114 possit.
1316 1065 1382 1103 ubi
1405 1065 1451 1103 ad
1473 1066 1627 1103 moenia

199 1133 408 1167 accessere,
441 1121 531 1170 quia
562 1121 758 1159 silentium
789 1126 880 1167 erat,
912 1121 1079 1159 solitudo
1110 1121 1211 1167 visa;
1245 1126 1428 1171 metuque
1461 1133 1624 1159 conces-

200 1190 289 1216 suin
329 1177 518 1215 barbarus
558 1183 663 1215 ratus
695 1177 823 1215 moliri
851 1183 980 1227 portas
1012 1183 1047 1216 et
1073 1178 1235 1215 claustra
1263 1177 1477 1228 refringere
1507 1183 1625 1228 parat,

160 1247 178 1275 :5
199 1246 287 1272 curn
312 1234 509 1284 patefactis
531 1240 691 1284 repente
712 1234 834 1284 portis
858 1234 1038 1272 cohortes
1062 1234 1172 1280 duae,
1193 1234 1239 1271 ad
1260 1234 1297 1272 id
1319 1234 1449 1284 ipsum
1474 1233 1624 1272 instru—

201 1297 281 1328 ctae
310 1291 428 1336 intus,
457 1290 605 1340 ingenti
634 1302 724 1329 cum
754 1291 925 1329 tumultu
954 1296 1168 1340 erumpunt
1188 1296 1433 1341 stragemque
1453 1290 1626 1328 hostium

198 1419 225 1444 et
251 1414 345 1444 vertit
365 1419 468 1448 retro,
498 1413 533 1451 1,
561 1414 599 1444 6.
631 1415 666 1447 1,
694 1412 760 1453 vgl.
787 1416 817 1446 6.
846 1415 876 1448 2,

202 1460 259 1490 11:
284 1459 518 1496 superantibus.

248 1504 390 1536 10—12.
416 1504 595 1541 Campanis,
622 1502 674 1534 die
695 1503 765 1534 Beu
776 1503 878 1534 ohner

199 1559 264 1579 von
299 1547 430 1589 Capua,
466 1548 544 1578 oder
577 1558 641 1578 von
680 1547 877 1590 Campanien

197 1594 400 1635 iiberhaupt,
446 1604 471 1624 s.
506 1603 532 1624 c.
575 1595 636 1633 20,
674 1596 708 1633 13
751 1595 811 1629 35,
840 1595 877 1626 3:

198 1641 366 1679 Campanis
391 1641 556 1677 omme'bus,·
590 1640 650 1678 26,
686 1640 748 1676 33,
780 1641 818 1671 9:
846 1641 876 1678 7,

197 1685 252 1725 29,
280 1687 320 1726 53
361 1683 453 1716 Nieb.
480 1683 516 1715 R.
543 1683 581 1715 G.
608 1687 645 1723 3,
686 1686 766 1717 125:
806 1684 878 1715 hier

197 1730 241 1761 ist
266 1730 425 1760 zuniichst
451 1739 493 1760 an
518 1730 576 1760 (las
595 1728 680 1760 Heer
705 1730 877 1761 derselben

198 1786 238 1806 zu
267 1775 402 1806 denken.
429 1793 471 1798 —
507 1778 648 1807 timentes
682 1787 710 1806 u.
744 1787 812 1817 eos,
846 1777 876 1815 6,

199 1821 260 1860 33,
297 1822 334 1853 9:
373 1828 491 1852 terrere
521 1832 588 1851 una
623 1832 659 1852 αο
676 1832 804 1860 pavere.
834 1838 878 1842 -—

199 1868 344 1897 cavendis
369 1870 430 1897 etc.
456 1866 589 1897 bezieht
609 1866 679 1897 sich
698 1866 878 1897 chiastisch

198 1909 259 1942 auf
281 1914 422 1943 timentes
445 1928 480 1933 —
502 1914 644 1950 suspecti.
660 1929 705 1933 ———
724 1914 758 1942 in
782 1915 878 1943 vicem

196 1955 392 1987 bezeichnet
417 1957 586 1987 eutweder
619 1957 676 1988 das
706 1957 877 1998 reciproke

198 2000 430 2041 Verh'ziltniss‚
468 2012 504 2032 so
537 2002 612 2033 dass
645 2005 790 2034 carendis
815 2006 876 2033 etc.

199 2045 247 2077 als
273 2046 338 2077 abl.
364 2046 431 2077 abs.
457 2057 496 2077 zu
524 2048 659 2078 nehmen
695 2048 755 2086 ist,
790 2058 815 2078 s.
849 2058 875 2078 c.

203 2093 262 2131 15,
298 2093 336 2131 3,
380 2091 446 2132 vgl.
480 2091 569 2122 Curt.
610 2094 668 2125 10.
715 2094 772 2126 16,
818 2094 875 2124 16:

199 2139 331 2169 invicem
357 2139 490 2176 suspecti
517 2149 552 2168 ac
576 2139 719 2174 solliciti;
745 2137 824 2168 oder
841 2147 875 2168 es

198 2182 278 2222 geht
328 2192 388 2213 nur
435 2180 494 2212 aus
537 2182 595 2213 das
635 2181 771 2222 Subject
820 2182 875 2213 des

198 2226 316 2258 Satzes
343 2227 375 2257 in
407 2230 541 2266 suspecti
575 2231 655 2258 ete:
689 2227 874 2267 ihrerseits,

199 2272 398 2313 vgl.28‚44‚
414 2274 472 2314 143
501 2274 531 2311 2,
567 2274 617 2309 12,
640 2275 676 2305 5:
697 2275 877 2312 populatio-

197 2328 277 2348 mcm
319 2321 451 2350 invicem
492 2320 597 2357 ult07·;
643 2319 698 2356 253,
743 2319 796 2357 28,
839 2320 876 2351 4:

199 2364 321 2394 edoctus
346 2370 421 2394 esset
447 2365 587 2401 invicem,
616 2362 682 2403 vgl.
698 2365 752 2402 27,
768 2364 821 2401 28,
838 2364 876 2402 3;

198 2406 296 2438 Plato
322 2407 399 2450 Rep.
426 2409 444 2440 3
469 2418 498 2449 p.
526 2410 603 2448 417,
630 2409 673 2439 B:
705 2410 766 2441 καὶ
796 2408 876 2441 ἐπιπ-

199 2450 441 2493 now-eborac
460 2455 523 2485 καὶΓ
544 2449 876 2498 ἐπιβουλευόμενοι·

200 2493 368 2536 διάξουσι
415 2494 539 2531 πάντα
587 2496 653 2531 τὸν
694 2502 786 2541 βίον.
834 2516 876 2520 -—

201 2545 382 2583 accipique.-
436 2542 683 2584 ausgeuoinmen
743 2544 876 2575 werden

198 2587 300 2627 solle,
336 2588 398 2620 wie
425 2588 446 2629 ξ
473 2591 510 2624 7,
549 2589 616 2630 vgl.
649 2591 710 2629 25,
751 2590 812 2630 29,
839 2590 876 2621 S:

947 1414 1035 1443 tradi
1058 1423 1088 1443 se
1115 1413 1269 1443 Romanis
1299 1413 1385 1449 rati,-
1422 1412 1459 1450 5,
1490 1412 1548 1450 18,
1582 1413 1621 1444 2:

946 1460 1036 1497 rcfici
1067 1459 1237 1496 apparebat
1261 1467 1292 1487 u.
1319 1466 1347 1488 a.
1376 1474 1417 1478 —
1443 1459 1622 1496 oppidanis,

947 1503 1032 1533 nueh
1065 1512 1090 1534 c.
1129 1504 1186 1536 19,
1230 1504 1248 1534 2
1284 1512 1345 1532 nur
1378 1501 1430 1532 die
1454 1512 1621 1533 unzuver-

946 1547 1105 1588 liissigen,
1132 1547 1198 1587 vgl.
1229 1547 1307 1578 Zou.
1338 1549 1369 1586 9,
1396 1548 1425 1580 2.
1442 1549 1624 1585 ——d2·vidz't,

948 1594 1103 1632 22,15,
1134 1594 1172 1631 33
1198 1592 1289 1623 Caes.
1317 1591 1355 1623 G.
1387 1594 1425 1632 3,
1460 1594 1494 1633 1,
1519 1594 1550 1625 6.
1578 1610 1624 1615 —-

947 1641 1041 1679 idque
1068 1638 1146 1679 geht
1171 1636 1231 1669 auf
1252 1637 1272 1678 ξ
1303 1640 1321 1670 S
1351 1638 1483 1669 zuriick.
1500 1656 1546 1659 —
1563 1641 1623 1670 ad-

947 1687 1046 1724 ditur,
1072 1682 1221 1723 zufssillig.
1240 1701 1282 1705 ——
1309 1685 1479 1723 Perusina,
1510 1684 1541 1723 9,
1569 1685 1624 1724 37,

952 1731 1061 1762 12.—
1082 1732 1159 1761 satis
1174 1731 1224 1770 f.,
1252 1728 1414 1769 ziemlich,
1442 1729 1475 1760 in
1504 1729 1622 1761 bedeu-

946 1775 1076 1805 tandem
1114 1773 1242 1814 Grade,
1285 1784 1403 1815 genug.
1428 1792 1474 1797 -«
1501 1778 1624 1807 moenia

947 1820 979 1850 in
1026 1820 1134 1861 Bezug
1170 1819 1230 1851 auf
1259 1823 1372 1861 exe‘yua
1407 1819 1459 1851 die
1484 1819 1623 1851 Mauern

946 1865 1068 1905 selbst3
1098 1865 1131 1895 iu
1156 1865 1337 1896 Riicksicht
1366 1864 1425 1896 auf
1449 1868 1561 1905 cincta,
1583 1865 1625 1896 da

948 1921 999 1941 am
1042 1909 1067 1941 F
1071 1911 1159 1941 lusse
1207 1910 1263 1941 hin
1309 1910 1507 1942 schwerlich
1552 1910 1625 1942 eine

949 1956 1064 1987 Mauer
1093 1966 1183 1995 war,
1212 1956 1269 1986 der
1295 1966 1358 1986 von
1387 1955 1524 1987 Mauern
1549 1955 1622 1986 ein-

948 2000 1179 2041 geschlossene
1210 2000 1281 2031 Ort.

998 2043 1062 2081 18.
1097 2047 1192 2078 1—2.
1219 2048 1281 2077 iam
1301 2048 1375 2077 inde
1393 2049 1472 2085 eta,
1499 2045 1624 2077 Hauni-

947 2090 1003 2122 bal
1030 2101 1117 2122 muss
1142 2091 1213 2122 also
1239 2091 1320 2122 iiber
1346 2092 1407 2122 den
1438 2090 1534 2122 Fluss
1564 2101 1623 2132 ge·-

947 2140 1035 2167 setzt
1063 2136 1143 2167 sein.
1169 2154 1213 2158 —
1242 2139 1273 2167 si
1295 2140 1347 2176 in,
1376 2138 1414 2176 3,
1443 2138 1497 2175 67,
1525 2138 1553 2169 5.
1579 2154 1624 2159 —

945 2188 1049 2220 tempt.
1084 2184 1129 2220 si,
1168 2183 1205 2221 2,
1242 2183 1302 2221 35,
1341 2184 1372 2214 4.
1406 2199 1444 2204 —
1476 2184 1625 2220 sol-itudo,

947 2228 1000 2265 27,
1027 2228 1082 2266 42,
1114 2228 1171 2268 123
1199 2229 1250 2266 10,
1274 2228 1327 2266 34,
1347 2229 1386 2259 6:
1410 2233 1445 2259 ut
1462 2229 1623 2259 silentium

945 2279 1067 2303 vastum
1091 2283 1146 2304 mc
1172 2275 1258 2304 viros
1272 2275 1307 2304 in
1323 2274 1467 2304 turribus
1482 2275 1563 2304 vidit
1578 2290 1621 2295 ——

945 2318 1093 2357 referunt
1124 2329 1279 2350 excessum
1311 2319 1408 2359 urbe;
1452 2319 1623 2350 solitudine

945 2365 1032 2395 haud
1063 2365 1158 2394 dubia
1193 2366 1229 2394 id
1250 2365 1455 2402 perspicuum
1479 2373 1550 2394 esse.
1579 2379 1623 2386 —-

946 2410 1064 2447 moliri,
1087 2407 1239 2439 forciren.
1257 2414 1417 2447 ——pm-at,
1436 2408 1494 2438 das
1514 2416 1620 2449 praes.

946 2453 1023 2484 hist.
1068 2463 1129 2484 vor
1165 2464 1252 2492 cum,
1296 2457 1388 2483 soust
1410 2452 1622 2493 gewiihnlich

946 2498 1004 2529 das
1029 2496 1166 2540 imperf„
1191 2509 1216 2529 s.
1242 2508 1281 2528 zu
1307 2499 1367 2537 26,
1398 2499 1456 2536 18,
1485 2500 1523 2537 7,
1553 2497 1621 2538 vgl,

947 2544 1010 2582 21,
1049 2545 1111 2582 39,
1148 2545 1187 2582 43
1224 2543 1306 2574 iiber
1327 2545 1437 2574 moliri
1463 2560 1506 2565 -
1524 2548 1623 2581 parat

947 2587 1013 2628 vgl.
1045 2598 1085 2619 zu
1112 2587 1214 2630 praef.
1244 2590 1270 2620 1.
