1763 2983
181 455 214 488 11

180 570 219 601 12

170 799 225 839 36

684 170 807 202 LIBER
834 171 916 204 Vlll.
953 170 1046 206 CAP.
1074 172 1127 204 35.
1153 171 1208 204 36.
1507 183 1532 200 a.
1554 182 1580 200 u.
1599 172 1661 201 429.

249 172 330 211 260

249 274 325 311 citu
348 273 580 319 recessisset,
604 273 737 311 hostes
760 273 798 311 in
816 274 975 313 Samnio
993 280 1255 314 moverentur.
1293 280 1465 314 ceterum
1482 276 1521 314 in
1538 275 1660 314 oculis

250 329 469 380 exemplum
494 334 575 368 erat
597 330 640 376 Q.
664 329 807 369 Fabius
828 329 876 369 M.
900 331 1046 370 Valerio
1068 331 1205 382 legato,
1229 332 1292 382 qui
1314 332 1449 371 castris
1471 337 1658 383 praeerat,

244 399 292 424 ne
315 399 431 437 quam
454 386 530 425 vim
552 387 724 425 hostium
749 388 871 438 magis
893 401 1008 439 quam
1031 394 1181 427 trucem
1205 388 1403 428 dictatoris
1426 389 1522 428 iram
1544 389 1661 428 time-

249 448 319 482 ret.
358 443 487 494 itaque
509 446 811 483 frumentatores
835 458 921 484 cum
945 445 1195 485 circumventi
1219 459 1262 484 ex
1286 446 1433 485 insidiis
1455 445 1556 486 caesi
1578 446 1662 484 loco

246 500 379 551 iniquo
403 506 548 547 essent,
571 502 760 540 creditum
773 503 885 553 vulgo
909 508 966 541 est
983 502 1179 541 subreniri
1197 504 1251 542 eis
1268 503 1315 541 ab
1333 505 1457 555 legato
1475 503 1662 555 potuisse,

250 558 289 596 ni
309 557 434 596 tristia
454 558 577 597 edicta
600 559 873 598 exhorruisset.
912 573 955 598 ea
978 572 1132 610 quoque
1154 559 1209 598 ira
1231 560 1409 599 alienavit
1433 573 1452 599 a
1475 561 1662 599 dictatore

249 614 417 653 militum
446 615 619 663 animos,
648 616 723 655 iam
753 622 840 655 ante
870 616 1064 662 infensos,
1094 617 1198 667 quod
1223 617 1458 669 inplacabilis
1480 618 1523 665 Q.
1545 616 1663 656 Fabio

249 672 388 711 fuisset
410 677 459 719 et,
482 674 586 723 quod
609 674 689 713 suis
712 673 890 725 precibus
912 679 1105 724 negasset,
1129 673 1210 713 eius
1232 676 1376 726 populo
1398 674 1575 714 Romano
1597 686 1663 711 ve-

249 729 352 768 niam
377 729 558 768 dedisset.

364 787 575 837 Postquam
613 787 775 826 dictator
811 789 1033 838 praeposito
1069 786 1109 825 in
1143 787 1239 826 urbe
1269 787 1310 825 L.
1332 787 1485 840 Papirio
1515 788 1665 834 Crasso,

252 844 436 895 magistro
460 844 635 894 equitum
655 843 698 889 Q.
710 842 828 882 Fabio
846 844 966 882 vetito
984 844 1193 895 quicquam
1209 856 1280 896 pro
1297 845 1522 896 magistratu
1540 856 1666 895 agere,

154 908 159 929 ²
203 908 207 914 '
254 902 292 939 in
315 906 437 939 castra
461 900 586 947 rediit,
609 911 737 951 neque
760 899 904 940 civibus
926 901 1018 939 satis
1041 901 1165 939 laetus
1187 901 1376 940 adventus
1400 902 1482 941 eius
1503 902 1575 940 fuit
1597 913 1669 939 nec

203 1084 222 1114 021
204 1050 235 1070 T
202 968 221 998 Ιό

252 958 430 997 hostibus
464 957 671 1008 quicquam
702 957 840 996 adtulit
869 958 1041 997 terroris.
1098 969 1267 1010 namque
1296 964 1455 1010 postero
1486 958 1568 1005 die,
1597 970 1668 996 seu

252 1015 373 1065 ignari
391 1014 542 1053 venisse
561 1014 802 1062 dictatorem,
822 1027 904 1062 seu,
922 1015 1075 1054 adesset
1092 1027 1140 1054 an
1157 1015 1322 1063 abesset,
1345 1015 1450 1068 parvi
1466 1016 1667 1061 facientes,

253 1072 441 1110 instructa
469 1072 549 1111 acie
578 1072 624 1110 ad
657 1076 777 1110 castra
800 1079 1057 1111 accesserunt.
1099 1077 1270 1111 ceterum
1300 1078 1452 1112 tantum
1480 1071 1669 1112 momenti

252 1130 292 1167 in
313 1141 391 1167 uno
414 1128 495 1167 viro
517 1128 559 1166 L.
578 1129 731 1181 Papirio
754 1128 838 1176 fuit,
862 1135 916 1175 ut,
939 1130 970 1169 si
993 1129 1101 1168 ducis
1123 1130 1282 1168 consilia
1304 1132 1413 1169 favor
1435 1130 1669 1169 subsecutus

251 1186 419 1225 militum
441 1185 554 1233 foret,
577 1185 759 1226 debellari
781 1199 827 1225 eo
850 1187 909 1225 die
932 1199 1020 1226 cum
1032 1185 1271 1227 Samnitibus
1288 1187 1460 1238 potuisse
1481 1199 1550 1239 pro
1566 1185 1669 1225 haud

255 1242 372 1281 dubio
386 1243 562 1281 habitum
578 1243 643 1281 sit:
662 1243 712 1281 ita
725 1243 906 1282 instruxit
918 1243 1214 1291 acie1n,’2'taloco
1231 1256 1275 1283 ac
1290 1243 1487 1292 subsidiis,
1505 1243 1555 1282 ita
1565 1242 1672 1282 omni

255 1306 334 1338 arte
357 1300 491 1338 bellica
514 1301 698 1347 firmavit3
720 1306 917 1340 cessatum
935 1315 954 1340 a
973 1301 1107 1345 milite,
1128 1314 1171 1339 ac
1193 1301 1238 1339 de
1254 1301 1458 1349 industria,
1480 1305 1523 1340 ut
1540 1300 1672 1339 obtre-

256 1363 427 1396 ctaretur
448 1357 626 1396 laudibus
649 1358 776 1399 ducis,
800 1358 970 1409 inpedita
993 1357 1151 1397 victoria
1174 1363 1243 1396 est.
1285 1358 1416 1409 plures
1440 1356 1671 1398 Samnitium

254 1415 440 1461 cecidere,
464 1414 595 1465 plures
617 1414 782 1453 Romani
805 1416 993 1455 vulnerati
1016 1419 1118 1454 sunt.
1150 1415 1271 1454 sensit
1292 1416 1440 1466 peritus
1462 1416 1550 1461 dux,
1575 1426 1672 1465 quae

258 1544 321 1574 und
336 1543 390 1574 die
405 1542 547 1574 letztere
561 1541 690 1575 scheint
706 1542 841 1584 l'a'ngere
855 1543 929 1574 zeit

255 1589 416 1629 gedauert
433 1599 474 1620 zu
491 1588 607 1620 haben.
619 1607 660 1611 —
674 1597 810 1629 rnorem,
830 1591 881 1630 10,
898 1589 930 1629 4,

254 1637 284 1664 b.
304 1653 345 1656 ἡ
371 1634 559 1677 eoefflnplam
579 1644 741 1674 ern—ne,
767 1635 836 1675 vgl.
856 1634 928 1676 §73

255 1679 284 1718 7,
305 1681 334 1720 6,
358 1681 412 1711 11:
430 1679 630 1711 documento
640 1681 760 1721 sitisse.
780 1692 836 1720 ηε,
862 1681 929 1721 vgl.

256 1724 317 1764 24,
336 1726 372 1766 S,
391 1725 443 1756 20.
471 1744 514 1748 -—
540 1725 685 1764 Fabius,
719 1727 810 1758 nicht
835 1726 934 1758 Fabii

256 1769 320 1801 wie
339 1771 392 1809 22,
412 1771 464 1811 44,
488 1772 525 1809 53
551 1772 604 1811 28,
623 1771 677 1811 42,
701 1772 713 1802 1
735 1783 765 1803 u.
785 1782 814 1803 a.
833 1790 876 1794 —
893 1782 930 1802 ea

256 1817 375 1847 :eius
389 1815 505 1856 cladis,
530 1817 556 1856 1,
574 1818 627 1857 30,
643 1818 673 1848 4.
688 1834 731 1838 —
744 1817 863 1860 populo
877 1816 926 1856 R„

259 1861 409 1903 obgleich
440 1862 524 1893 auch
549 1862 603 1893 die
621 1862 780 1894 Soldaten
799 1873 840 1893 zu
859 1863 929 1893 deni

259 1907 368 1938 Volke
412 1906 444 1937 in
487 1911 676 1939 coucretem
719 1908 830 1950 Sinne,
872 1908 931 1939 der

258 1952 485 1993 Volksmenge
500 1977 508 1992 ,
548 1953 693 1993 geho'ren
710 1978 716 1993 ,
762 1954 806 1984 ist
847 1953 929 1984 doch

257 1998 357 2029 sehon
377 1997 397 2039 ξ
414 1999 427 2029 1
447 2008 477 2028 u.
496 1998 512 2028 7
530 1998 714 2042 pop.Rom.
734 1998 930 2039 gebraucht,

258 2043 333 2074 weil
361 2043 521 2076 zuniichst
549 2045 602 2075 die
627 2042 877 2085 Biirgerschast,
903 2054 929 2075 s.

256 2088 277 2129 ξ
296 2089 331 2119 6:
351 2099 515 2121 consensu
532 2091 689 2129 civitatis,
709 2091 766 2121 das
784 2089 871 2121 Yolk
895 2090 927 2120 in

255 2134 410 2165 ideellem
436 2135 547 2174 Sinne,
577 2135 638 2165 den
659 2136 753 2167 Staat
778 2135 929 2174 vertritt,

255 2189 280 2209 s.
301 2190 327 2210 r.
349 2180 402 2219 34,
423 2181 451 2211 2.

304 2263 469 2302 36-—3T
498 2271 577 2311 Sieg
590 2271 673 2303 iiber
688 2272 739 2303 die
751 2272 930 2313 Samniten,

260 2314 505 2355 Gesetzantrag
528 2316 609 2347 iiber
636 2318 688 2348 die
707 2316 927 2348 Tusculaner.

262 2360 336 2394 val.
355 2360 442 2392 Max.
464 2362 494 2400 9,
517 2362 567 2402 10,
589 2362 616 2393 l.

307 2407 334 2437 1.
359 2408 591 2449 praepositui.
611 2417 653 2447 1t.‚
682 2418 718 2439 er
742 2408 827 2439 wird
855 2418 926 2438 zum

257 2452 379 2484 Schutz
409 2452 469 2483 der
499 2451 595 2483 stadt
634 2453 927 2493 zurijckgelassen,

257 2497 322 2537 vgl.
352 2497 477 2529 Becker
503 2497 540 2538 2,
567 2497 606 2537 2,
634 2499 694 2539 55,
722 2499 775 2530 76.
801 2516 843 2520 ——
865 2508 926 2540 pro

254 2552 360 2585 mag..
379 2554 403 2575 s.
424 2544 455 2584 6,
472 2543 526 2583 38,
544 2544 575 2574 9.
603 2543 727 2575 Fabius
746 2543 860 2574 behiilt
877 2543 927 2574 al-

255 2600 291 2619 so
311 2591 369 2621 das
388 2589 476 2631 Amt,
504 2587 580 2621 darf
597 2590 676 2621 aber
695 2589 746 2620 die
765 2588 925 2620 Functio-

1005 1552 1067 1575 nen
1094 1542 1268 1574 desselben
1294 1541 1383 1574 nieht
1409 1542 1566 1575 ausiiben.
1605 1541 1672 1572 Der

1004 1587 1160 1620 Dictator
1180 1592 1356 1628 untersagt
1382 1589 1490 1620 dieses
1515 1589 1671 1628 vermb'ge

1005 1635 1115 1665 seines
1140 1633 1285 1666 ho'heren
1313 1634 1485 1676 imperium
1518 1634 1579 1664 den
1605 1632 1671 1663 ihm

1004 1679 1308 1720 untergeordneteu
1344 1679 1581 1720 Magistraten3
1619 1677 1671 1709 die

1003 1724 1204 1757 Abdication
1223 1726 1280 1756 des
1299 1735 1382 1766 mag.
1400 1725 1544 1767 equitum
1559 1725 1617 1756 hat
1635 1733 1672 1754 er

1005 1770 1085 1802 eben
1105 1781 1141 1802 so
1160 1770 1269 1811 wenig
1287 1771 1504 1811 angeordnet,
1525 1780 1550 1801 s.
1571 1780 1598 1800 c.
1617 1768 1671 1808 33,
1724 1803 1729 1808 ,

1006 1816 1063 1855 14,
1083 1816 1114 1857 3,
1130 1815 1183 1855 29,
1199 1817 1235 1855 2,
1255 1815 1366 1856 Lange
1384 1817 1411 1857 1,
1426 1815 1508 1854 506,
1527 1815 1602 1854 556,
1621 1814 1672 1846 als

1003 1861 1155 1904 Papirius
1183 1871 1254 1893 zum
1281 1871 1366 1902 mag.
1385 1871 1433 1903 eq.
1452 1865 1602 1892 ernannt.
1629 1878 1671 1882 -

1002 1908 1127 1938 civibus
1139 1908 1211 1939 hier
1225 1907 1266 1937 im
1282 1905 1490 1948 Gegensatze
1505 1917 1544 1937 zu
1552 1906 1670 1945 hostes,

1002 1952 1070 1992 vgl.
1091 1964 1118 1984 c.
1137 1953 1190 1993 35,
1215 1952 1264 1984 12.

1048 1998 1146 2029 3-6,
1185 1999 1346 2041 potuisse,
1374 1998 1455 2029 ohne
1481 1996 1672 2036 Abhiingig-

1003 2043 1074 2074 keit
1085 2044 1313 2086 polm't.-—1'1'a,
1331 2042 1434 2085 praef.
1455 2043 1509 2076 11:
1528 2041 1671 2073 adeo.—

1003 2088 1069 2120 loco
1087 2099 1126 2120 a(-
1149 2089 1249 2130 subs„
1277 2089 1317 2120 da
1334 2088 1371 2119 L.
1390 2094 1483 2120 sonst
1508 2088 1597 2119 nicht
1622 2088 1672 2117 ἰη-

1003 2137 1134 2166 struere
1141 2136 1244 2166 aciem
1260 2133 1419 2166 subsidiis
1430 2138 1514 2177 sagt,
1528 2132 1671 2165 sonderu

1002 2180 1154 2222 firmare,
1172 2190 1198 2211 s.
1216 2180 1248 2219 4,
1268 2180 1322 2220 37,
1342 2180 1378 2218 8,
1398 2180 1428 2219 9,
1451 2180 1502 2220 17,
1524 2180 1562 2211 15
1581 2188 1612 2209 u.
1630 2187 1671 2217 a.,

1003 2235 1039 2256 so
1057 2236 1147 2257 muss
1171 2225 1260 2257 subs.
1279 2235 1351 2256 zum
1368 2224 1461 2266 Folg.
1479 2233 1669 2266 genommeu

1002 2272 1149 2311 werden,
1167 2270 1234 2302 Ioco
1253 2270 1296 2302 ist
1310 2271 1394 2302 daun
1410 2269 1515 2302 freier
1532 2267 1669 2310 auffir-

1002 2318 1105 2348 mat-it
1121 2316 1268 2357 bezogen
1286 2316 1349 2347 und
1368 2327 1432 2347 von
1450 2316 1522 2347 dem
1540 2313 1669 2355 giinsti-

1004 2371 1065 2402 geu
1084 2360 1225 2393 Terrain
1244 2372 1284 2392 zu
1302 2362 1492 2393 verstehen.
1520 2359 1569 2391 Ob
1587 2359 1670 2390 ohne

1000 2409 1057 2446 ita,
1083 2406 1227 2438 welches
1245 2406 1382 2447 Madvig
1405 2409 1577 2447 zugesetzt
1602 2405 1669 2444 hat,

1002 2451 1068 2483 loco
1082 2462 1121 2483 ac
1139 2451 1229 2483 subs.
1248 2451 1309 2483 mit
1325 2450 1527 2483 Nachdruok
1544 2461 1606 2482 vor
1620 2451 1669 2481 ita

1001 2500 1092 2528 0711711'
1109 2497 1224 2529 stehen
1242 2496 1362 2537 konne,
1386 2497 1430 2528 ist
1448 2493 1668 2535 zweifelhast,

999 2543 1066 2582 vgl.
1085 2544 1138 2583 40,
1156 2543 1209 2584 46,
1227 2542 1263 2573 9:
1281 2542 1316 2574 id
1331 2544 1379 2574 ita
1396 2544 1536 2581 ut——utg
1564 2541 1668 2572 niihcr

998 2588 1080 2629 liegt
1118 2590 1165 2619 ita
1207 2588 1273 2619 loco
1315 2598 1353 2620 ac
1386 2587 1546 2620 subsidiis
1577 2587 1670 2618 0711111'
