1763 2983
682 182 938 216 PERIOCHAE.
1434 186 1514 224 477

643 377 646 380 ,
676 342 744 375 EX
768 343 856 376 LIB.
882 343 948 376 IX.

195 446 232 480 T.
250 448 411 481 Veturius
429 448 481 490 Sp.
501 447 689 479 Postumius
715 448 869 480 consules
887 449 971 491 apud
989 448 1115 482 Furcas
1133 449 1300 483 Caudinas
1319 451 1459 484 deducto
1479 452 1513 484 in

104 492 211 525 locum
229 499 335 525 artum
354 493 514 532 exercitu,
539 504 610 525 cum
636 504 710 535 spes
730 494 821 525 nulla
846 500 936 526 esset
952 496 1124 534 evadendi7
1144 494 1277 528 foedere
1295 507 1367 529 cum
1385 498 1515 529 Samni-

103 538 193 571 tibus
222 538 310 570 facto
341 544 373 571 et
402 539 565 570 sescentis
595 539 761 581 equitibus
783 539 940 571 Romanis
965 541 1138 572 obsidibus
1157 542 1245 573 datis
1264 542 1311 574 ita
1329 544 1513 575 exereitum

103 584 319 624 abduxerunt,
338 590 375 617 ut
392 594 504 616 omnes
522 584 580 615 sub
600 584 710 625 iugum
729 585 959 617 mitterentur:
990 586 1139 628 idemque
1168 592 1305 619 auctore
1322 589 1375 630 Sp.
1395 589 1514 621 Postu-

102 630 165 661 mio
186 630 331 669 consule,
351 631 406 672 qui
425 630 458 662 in
478 635 594 662 senatu
612 636 774 670 suaserat,
792 636 828 662 ut
847 641 960 662 eorum
978 631 1160 671 deditione,
1178 643 1313 674 quorum
1333 635 1428 676 culpa
1446 639 1514 666 tam

101 674 246 707 deforme
264 674 379 707 foedus
398 676 499 708 ictum
524 681 608 716 erat,
633 676 764 718 publica
790 675 869 707 fides
893 676 1106 716 liberaretur,
1133 688 1203 708 cuin
1222 679 1347 711 duobus
1367 680 1513 712 tribunis

101 720 206 762 plebis
231 726 263 753 et
280 721 443 761 omnihus,
472 721 526 763 qui
553 720 669 753 foedus
700 722 955 763 spoponderant,
986 723 1093 754 dediti
1112 722 1318 756 Samnitibus
1349 737 1412 756 nou
1437 731 1514 758 suut

100 766 237 808 recepti.
276 777 335 798 nec
362 767 465 798 multo
495 770 571 808 post
594 766 678 799 fusis
695 777 713 799 a
733 767 868 808 Papirio
888 768 1033 799 Cursore
1050 768 1252 800 Samnitibus
1271 775 1303 801 et
1322 771 1380 801 sul)
1399 771 1511 811 iugum

100 812 213 843 missis
230 812 438 854 receptisque
457 813 621 844 sescentis
640 812 804 855 equitibus
822 811 990 853 Romanis,
1015 814 1070 854 qui
1090 814 1222 846 obsides
1240 815 1310 846 dati
1330 822 1436 857 erant,
1455 827 1512 858 pu-

100 857 160 888 dor
177 858 298 898 flagitii
322 858 448 900 prioris
476 856 623 890 abolitus
653 863 713 890 est.
754 858 862 890 tribus
891 859 973 890 duae
998 859 1149 890 adiectae
1169 864 1255 901 sunt,
1281 861 1461 893 Oufentina
1480 867 1513 893 et

98 902 249 934 Falerna.
277 903 431 935 Suessam
449 907 482 935 et
496 903 634 935 Pontias
653 904 805 936 coloniae
824 905 984 936 deductae
1003 909 1090 936 sunt.
1117 905 1244 947 Appius
1258 906 1418 938 Claudius
1437 918 1513 939 cen-

99 958 155 980 sor
174 959 289 991 aquam
307 949 479 981 Claudiam
497 949 672 990 perduxit3
690 949 777 982 viam
795 950 931 991 stravit,
949 960 1030 992 quae
1047 950 1154 992 Appia
1172 956 1292 984 vocata
1312 956 1379 991 est3
1408 952 1512 984 liber-

98 994 242 1026 tinorum
259 992 350 1026 filios
369 994 402 1026 in
422 999 571 1026 senatum
588 995 690 1036 legit3
708 996 857 1038 ideoque,
876 996 1030 1038 quoniam
1047 995 1076 1027 is
1095 997 1176 1028 ordo
1194 997 1340 1038 indignis
1359 998 1512 1041 inquina-

99 1044 152 1071 tus
168 1040 357 1080 videbatur,
388 1039 554 1083 sequentis
584 1041 663 1072 anni
688 1041 843 1073 consules
861 1041 895 1072 in
914 1046 1030 1073 senatu
1048 1041 1327 1083 observaverunt,
1357 1045 1510 1086 quemad-

97 1085 225 1117 modum
238 1091 315 1118 ante
331 1086 500 1128 proximos
514 1096 670 1118 censores
684 1086 804 1118 fuerat.
829 1097 883 1119 res
898 1091 1072 1128 praeterea
1090 1092 1207 1120 contra
1225 1089 1394 1131 Apuloset
1410 1089 1512 1121 Etru—

99 1141 174 1162 scos
189 1135 220 1162 et
230 1131 372 1164 Umbros
390 1136 422 1163 et
431 1131 563 1163 Marsos
582 1137 614 1164 et
628 1132 802 1173 Paelignos
821 1137 853 1163 et
870 1132 1000 1175 Aequos
1019 1137 1051 1164 et
1065 1132 1241 1173 Samnites,
1259 1135 1377 1177 quibus
1395 1134 1510 1167 foedus

98 1176 292 1210 restitutum
310 1181 371 1217 est,
390 1187 546 1219 prospere
563 1182 676 1218 gestas
696 1178 854 1209 continet.
882 1178 939 1209 Cn.
951 1177 1089 1210 Flavius
1106 1180 1400 1220 scriba,libertino
1419 1186 1512 1223 patre

98 1227 206 1264 natus,
235 1223 355 1256 aedilis
385 1222 514 1254 curulis
537 1221 610 1265 fuit,
635 1234 692 1265 per
709 1222 873 1255 forensem
891 1222 1069 1256 factionem
1087 1231 1230 1265 creatus,
1261 1236 1342 1269 quae
1365 1237 1436 1258 cum
1455 1238 1512 1258 co—

98 1268 191 1300 mitia
212 1274 243 1301 et
261 1278 407 1310 campum
424 1269 579 1300 turbaret
603 1274 635 1300 et
653 1268 686 1299 iu
704 1269 756 1300 his
774 1274 908 1311 propter
926 1269 1044 1302 nimias
1062 1270 1153 1302 vires
1178 1272 1418 1313 dominaretur,
1436 1282 1455 1303 a
1473 1271 1509 1313 Q

100 1313 199 1346 Fabio
219 1324 356 1346 censore
374 1314 407 1346 in
426 1318 584 1356 quattuor
601 1314 710 1346 tribus
728 1315 864 1346 redacta
883 1320 944 1355 est,
969 1327 1047 1357 quas
1066 1317 1210 1348 urbanas
1228 1318 1431 1359 appellavit3
1457 1328 1511 1349 ea-

99 1370 158 1401 que
174 1370 225 1392 res
239 1360 342 1392 Fabio
354 1359 499 1391 Maximo
515 1370 629 1391 nomen
645 1360 746 1391 dedit.
774 1361 807 1391 in
822 1360 980 1392 hoclibro
995 1361 1195 1393 mentionem
1204 1364 1303 1395 habet
1313 1363 1510 1404 Alexandri,

98 1405 150 1446 qui
180 1405 386 1448 temporibus
415 1405 468 1436 his
494 1404 568 1445 fuit,
598 1410 630 1436 et
655 1406 843 1437 aestimatis
862 1406 973 1448 populi
1004 1406 1141 1439 Romani
1160 1408 1302 1449 viribus,
1335 1419 1415 1452 quae
1434 1414 1512 1440 tunc

101 1456 206 1491 erant,
225 1451 371 1492 colligit,
390 1450 419 1481 si
436 1450 628 1482 Alexander
645 1451 678 1482 in
698 1450 828 1483 Italiam
848 1452 1051 1492 traiecisset,
1071 1464 1134 1484 non
1152 1458 1219 1486 tam
1237 1453 1370 1486 facilem
1389 1455 1419 1486 ei
1439 1455 1511 1487 vic-

98 1497 219 1528 toriam
236 1497 276 1528 de
293 1495 414 1539 populo
428 1495 574 1528 Romano
593 1494 675 1537 fore,
693 1507 787 1539 quain
805 1498 844 1528 de
861 1497 914 1529 his
931 1498 1096 1540 gentibus,
1115 1510 1194 1541 quas
1213 1501 1250 1531 ad
1271 1500 1432 1532 orientem
1449 1501 1509 1532 im-

100 1543 191 1583 perio
210 1552 271 1574 suo
288 1541 489 1575 subiecerat.

674 1777 744 1811 EX
768 1777 860 1812 LIB.
885 1779 929 1813 X.

187 1880 345 1914 Coloniae
374 1881 535 1914 deductae
564 1888 642 1915 suut
657 1884 742 1916 Sora
770 1890 803 1917 et
821 1884 905 1917 Alba
930 1891 963 1918 et
980 1885 1141 1920 Carseoli.
1180 1888 1286 1921 Marsi
1312 1889 1345 1921 in
1364 1891 1509 1923 deditio—

100 1937 171 1959 nem
195 1927 324 1970 accepti
348 1933 434 1960 sunt.
484 1927 660 1969 collegium
688 1940 849 1971 angurum
874 1932 1068 1973 ampliatum
1093 1939 1155 1974 est,
1184 1940 1221 1967 ut
1250 1940 1361 1967 essent
1380 1947 1509 1975 novem,

96 1983 169 2005 cum
197 1978 293 2005 antea
322 1974 474 2016 quaterni
504 1972 657 2007 fuissent.
694 1975 749 2007 lex
769 1977 807 2007 de
826 1978 1065 2018 provocatione
1095 1980 1135 2011 ad
1159 1981 1313 2022 populum
1331 1991 1350 2013 a
1370 1982 1508 2014 Murena

97 2018 233 2050 consule
247 2018 346 2051 tertio
361 2024 439 2051 tunc
453 2019 523 2051 lata
537 2025 598 2052 est.
626 2021 709 2052 duae
722 2021 831 2054 tribus
845 2023 996 2056 adiectae
1010 2030 1097 2064 sunt,
1115 2024 1274 2058 Aniensis
1292 2037 1326 2059 es
1337 2026 1507 2060 Teretina.

97 2063 301 2096 Samnitibus
319 2064 441 2096 bellum
460 2064 620 2097 indictum
647 2072 698 2098 est
716 2072 748 2099 et
765 2068 926 2100 adversos
945 2080 1000 2101 eos
1024 2081 1122 2112 saepe
1148 2082 1306 2114 prospere
1331 2078 1508 2114 pugnatum

97 2114 159 2140 est.
186 2120 258 2141 cum
277 2110 440 2142 adversus
458 2110 620 2143 Etruscos
639 2111 780 2144 Umbros
799 2113 965 2146 Samnites
983 2115 1101 2148 Gallos
1120 2117 1155 2149 P.
1177 2117 1277 2149 Decio
1297 2124 1329 2150 et
1347 2117 1384 2160 Q.
1403 2118 1506 2151 Fabio

97 2154 236 2187 ducibus
258 2161 461 2197 pugnaretur
484 2161 517 2188 et
532 2155 698 2190 Romanus
722 2159 894 2191 exercitus
919 2160 951 2192 in
970 2162 1112 2193 inaximo
1131 2163 1327 2195 discrimine
1351 2170 1449 2204 esset,
1470 2165 1502 2196 P.

98 2199 229 2241 Decius,
249 2207 382 2234 secutus
400 2201 582 2244 exemplum
594 2204 712 2244 patris,
731 2205 871 2237 devovit
885 2216 919 2237 se
933 2218 991 2248 pro
1007 2208 1170 2248 exercitu,
1190 2214 1223 2240 et
1237 2215 1343 2241 morte
1360 2221 1419 2241 sua
1434 2211 1506 2243 vic-

97 2245 217 2277 toriam
235 2247 308 2278 eius
322 2257 448 2290 pugnae
462 2248 581 2289 populo
591 2247 736 2281 Romano
751 2251 852 2282 dedit.
879 2251 1035 2293 Papirius
1053 2254 1179 2286 Cursor
1192 2255 1389 2287 Samnitium
1409 2266 1505 2287 exer-

97 2291 210 2332 citum,
227 2293 282 2334 qui
300 2293 373 2325 iure
391 2293 531 2325 iurando
551 2294 747 2335 obstrictus,
765 2307 826 2338 quo
844 2297 971 2330 maiore
984 2300 1154 2332 contantia
1174 2300 1314 2332 virtutis
1333 2307 1505 2342 pugnaret,

98 2337 130 2368 in
148 2338 251 2369 aciem
270 2338 497 2378 descenderat,
529 2337 626 2371 fudit.
665 2351 783 2372 census
813 2347 909 2374 actus
940 2349 1000 2384 est,
1030 2345 1172 2377 lustrum
1199 2346 1386 2378 conditum:
1407 2357 1503 2378 censa

97 2400 171 2427 sunt
189 2395 312 2428 civium
337 2396 446 2438 capita
472 2396 651 2429 CCLXXII
671 2403 702 2429 et
720 2398 879 2430 CCCXX.
