1763 2983
107 187 121 203 a
151 179 202 205 Ch.
223 180 282 204 362⁷.
313 172 317 175 ’
590 175 716 208 LIBER
744 173 810 207 Vll.
847 174 940 207 (ΙΑΡ.
967 178 997 206 6,
1437 171 1514 211 107

103 287 220 327 reret,
243 281 387 332 expleri
404 280 590 331 potuisse,
613 279 842 330 priusquam
860 279 977 317 deum
994 279 1149 317 monitu
1166 277 1299 328 quaeri
1317 281 1512 326 coeptum,

100 352 177 390 quo
195 338 409 390 plurimum
432 336 600 388 populus
619 336 820 375 Romanus
843 340 994 385 posset:
1018 335 1055 373 id
1075 335 1179 373 enim
1202 333 1254 372 illi
1277 333 1360 371 loco
1380 332 1513 370 dican·
1545 336 1562 365 3

103 397 196 434 (lum
220 400 323 434 vates
345 394 545 439 canebant,
569 393 601 432 si
619 405 700 431 rem
725 391 919 443 publicam
936 391 1154 430 Romanam
1177 396 1406 442 perpetuam
1429 401 1513 427 esse

108 452 263 491 vellent.
295 457 381 491 tum
401 451 449 489 M.
465 451 656 495 Curtium,
679 449 856 488 iuvenem
881 447 981 486 bello
999 448 1208 498 egregium,
1231 446 1438 496 castigasse
1462 445 1519 483 fe-

106 514 201 548 runt
222 508 461 554 dubitantes,
490 519 540 545 an
561 507 684 545 ullum
714 505 835 556 magis
857 504 1079 543 Romanum
1101 505 1249 542 bonum
1273 515 1388 555 quam
1412 514 1517 541 arma

107 566 308 617 virtusque
326 562 460 604 esset‘?
491 563 646 603 silentio
664 563 765 602 facto
782 561 926 613 templa
944 562 1106 599 deorum
1123 560 1405 603 inmor,talium
1419 572 1517 611 quae
1547 568 1567 599 4

105 623 191 662 foro
212 622 419 669 inminent,
442 620 751 672 Capitoliumque
775 619 997 658 intuentem
1019 622 1057 655 et
1086 628 1223 655 manus
1245 628 1350 655 nunc
1371 616 1412 654 in
1433 628 1537 659 cae-¹

106 680 200 726 lum,
222 691 326 718 nunc
345 679 385 717 in
407 683 587 730 patentes
612 683 736 715 lenae
759 676 886 714 hiatus
909 676 955 714 ad
979 675 1073 713 deos
1096 684 1230 712 manes
1252 673 1519 736 pmrigentem

106 750 147 775 se
165 735 388 782 devovisse·
407 747 587 787 equoque
605 734 745 773 deinde
765 745 880 795 quam
900 737 1052 783 poterat
1069 730 1237 770 maxime
1256 735 1440 768 exornato
1457 730 1519 768 in-
1549 743 1568 773 5

108 793 301 832 sidentem
325 798 516 831 armatum
550 804 591 830 se
619 791 658 829 in
688 802 849 841 specum
873 789 1094 834 imnisisse·
1125 788 1304 837 donaque
1326 799 1369 825 ac
1390 786 1520 836 finges

108 862 226 901 super
242 862 331 888 eum
350 862 370 888 a
387 848 638 888 multitudine
657 848 829 886 vir-mum
847 859 890 885 ac
907 845 1118 884 mulierum
1136 843 1520 894 congestaS,lacun1-

106 920 181 958 que
211 906 388 946 Cmtium
416 917 497 945 non
519 906 566 945 ab
597 905 755 955 antiquo
784 904 848 943 illo
876 903 952 941 Titi
973 902 1058 941 Tati
1080 902 1201 940 milite
1225 900 1356 940 Cultio
1385 900 1519 939 Mettio

107 965 173 1003 sed
197 964 241 1003 ab
263 964 338 1002 hoc
359 963 608 1015 appellatum.
655 974 745 1000 cura
775 972 855 999 non
886 960 1050 1005 deesset
1081 959 1112 997 si
1135 971 1209 1010 qua
1231 958 1277 997 ad
1300 969 1437 996 ve1um
1461 957 1519 996 via
1550 968 1568 999 6

106 1021 369 1072 inquirentem
391 1020 531 1066 felret·
560 1031 664 1058 nunc
686 1019 786 1057 fama
808 1029 941 1056 rerum
964 1017 1147 1055 standum
1170 1019 1248 1062 est,
1279 1014 1345 1053 ubi
1376 1019 1519 1053 certam

107 1078 265 1127 derogat
280 1082 453 1116 vetustas
470 1076 607 1123 fidem,
625 1082 663 1114 et
678 1076 784 1115 lacus
801 1086 948 1113 nomen
967 1073 1012 1112 ab
1030 1073 1101 1112 hac
1117 1072 1336 1112 recentiore
1355 1071 1519 1122 insigni-

106 1134 182 1174 tius
205 1134 332 1173 fabula
355 1138 425 1172 est.

220 1192 313 1229 Post
334 1190 429 1229 tanti
449 1189 613 1242 prodigii
636 1188 954 1240 procurationem
987 1186 1125 1225 eodem
1148 1198 1250 1226 anno
1274 1187 1320 1225 (le
1343 1184 1519 1226 Hernicis
1552 1190 1568 1220 7

107 1319 250 1358 thungen
268 1317 335 1357 L⁷s,
361 1328 387 1348 s.
405 1316 528 1348 Zonar.
555 1317 585 1355 7,
602 1316 660 1347 25;
694 1313 775 1346 δια-

108 1364 229 1404 στῆναι
257 1359 294 1394 τὸ
322 1361 454 1394 πεδίον
480 1362 622 1405 λεγεται
651 1357 688 1392 τὸ
714 1370 775 1403 με·

106 1405 190 1445 ταξὺ
223 1408 283 1439 τοῦ
309 1407 492 1439 Παλατιου
524 1406 583 1438 καὶ
613 1406 674 1438 τοῦ
700 1408 774 1437 Κα-

106 1452 277 1485 πιτωλιόυ
308 1449 477 1492 ἐξάπινα,
489 1462 595 1506 μηῑε
622 1451 773 1503 σεισμοῦ

116 1510 236 1543 710077)
240 1498 423 1541 ησαμέιόυ
447 1490 525 1541 μήτ’
547 1495 653 1529 ἄλλου
667 1494 772 1533 τινὸς

105 1556 163 1575 om
182 1546 391 1595 σιψιιβαιιειι
408 1544 513 1591 ,εἴωθε
531 1543 694 1594 ᾳυσικῶς
711 1541 772 1574 ἐπὶ

103 1586 275 1625 τοιούτοις
313 1584 525 1632 παθήμασι·
567 1600 592 1620 5.
624 1586 771 1620 Hlausen

102 1634 232 1666 Aeneas
260 1634 322 1665 738
342 1634 386 1674 ff„
423 1633 528 1676 Mat-q.
561 1635 593 1671 4,
626 1633 702 1664 313
730 1652 772 1656 »-

102 1690 202 1723 specu
217 1691 255 1720 L.,
271 1680 372 1711 durch
387 1680 472 1719 eine,
487 1680 594 1712 indem
609 1680 682 1711 sich
697 1679 771 1711 eine

102 1743 145 1748 —-
170 1725 308 1765 bildete,
341 1725 406 1765 vgl.
435 1725 487 1763 35,
513 1726 541 1765 9,
568 1726 605 1757 3:
631 1725 773 1768 collapsa

102 1770 260 1812 quaedam
281 1772 392 1802 ruinis
413 1773 509 1806 stult·
537 1771 566 1810 6,
593 1771 622 1808 8,
650 1772 684 1802 7:
711 1773 772 1802 im-

101 1817 226 1848 laribus
242 1819 376 1858 gereret
394 1827 422 1847 n
442 1796 578 1848 terrani.
606 1835 647 1838 —
674 1816 770 1848 deum

104 1864 248 1900 ηιοηίςίιι
267 1861 380 1894 Dion.:
405 1861 441 1892 οἱ
457 1862 520 1894 ἐπὶ
537 1872 607 1893 των
623 1863 772 1910 Σιβυπ)

102 1908 230 1939 λείων
249 1915 463 1959 χρησμωτ
466 1901 769 1958 ἕπισκεψάυειοι

102 1949 143 1983 τὰ
169 1952 285 1993 βιβλία
311 1956 424 1991 εἴπω,
451 1948 506 1983 ὅτι
534 1949 577 1984 τὰ
606 1953 773 1985 πλείστου

101 1994 190 2049 ᾄξια
207 1998 256 2039 τῷ
277 1994 464 2050 Ρωμαίων
490 1991 589 2041 δήμω
614 1998 772 2040 λαβοῦσα

101 2039 120 2084 ἡ
146 2043 191 2085 γῆ
217 2040 471 2075 συνθεύσεται.

146 2088 176 2120 3.
196 2088 772 2127 vates‚Varr01.l.:›elacmnmeo

100 2133 166 2165 loco
184 2134 314 2165 deliisse
332 2136 468 2172 terram,
486 2138 518 2166 et
535 2134 570 2165 z'd
584 2146 628 2166 ezr*
641 2134 674 2165 S.
694 2134 770 2166 Con.

99 2178 145 2210 ad
160 2180 331 2221 aruspices
355 2178 500 2210 relatum
524 2191 615 2211 esse:
641 2190 771 2223 respou-

100 2235 175 2256 Sum
200 2223 297 2256 deum
316 2223 466 2256 Manium
486 2225 693 2267 postilionem
714 2236 772 2268 po-

101 2269 226 2301 stulare
265 2269 308 2307 id,
341 2271 440 2301 civem
471 2271 702 2311 fortissimum
736 2282 771 2302 eo

99 2315 236 2346 demitti.
270 2314 306 2345 L.
325 2315 382 2346 hat
400 2324 458 2345 aus
477 2316 536 2346 den
556 2316 771 2348 verschiede-

101 2370 162 2392 nen
186 2360 419 2400 Erziihlungen
447 2360 501 2392 die
525 2361 618 2393 mehr
642 2361 771 2393 diehte-

99 2406 207 2437 rische
225 2405 383 2446 gew‘tihlt.
399 2424 442 2427 ——
461 2405 660 2447 dubitantes,
679 2407 770 2438 nicht

101 2451 150 2483 als
182 2450 222 2482 ob
255 2450 303 2481 sie
329 2449 471 2482 Zweifel
502 2453 767 2495 ausgesprochen

99 2496 225 2536 hatten,
240 2496 384 2527 sondern
399 2495 535 2528 Curtius
554 2498 684 2529 sehloss
701 2498 771 2530 die-

100 2551 153 2573 ses
185 2551 245 2572 aus
279 2542 338 2573 dcr
364 2541 610 2582 Ungewissheit
644 2543 772 2584 (quaeri

99 2588 258 2629 coeptum)
296 2586 376 2618 iiber
411 2588 468 2619 das
500 2598 560 2629 quo
582 2588 768 2631 plurimam

847 1324 877 1357 p.
896 1314 935 1346 R.
953 1315 1076 1356 posset.
1102 1332 1143 1335 -—
1166 1323 1209 1344 au
1233 1312 1337 1344 ullum
1364 1312 1409 1343 ist
1432 1312 1521 1344 nieht

849 1360 906 1391 das
926 1358 1045 1400 object
1063 1369 1126 1390 von
1145 1358 1353 1398 dubitantes,
1377 1358 1520 1389 sondern

850 1404 979 1436 enthfilt
993 1405 1061 1443 das,
1076 1414 1146 1436 was
1157 1403 1292 1435 Curtius
1306 1404 1366 1436 den
1378 1403 1518 1435 Rb'mern

848 1450 983 1482 tadelnd
1000 1448 1159 1482 vorwirft
1178 1451 1378 1492 (increpasse
1391 1464 1435 1475 =
1449 1459 1520 1480 cus-

847 1498 1011 1538 tigautem
1026 1495 1167 1536 dzlrisse,
1181 1496 1346 1537 rogasse),
1361 1495 1468 1526 indem
1483 1505 1520 1526 er

847 1540 955 1582 fragt,
980 1541 1020 1572 ob
1044 1541 1110 1572 wol
1135 1552 1165 1572 u.
1191 1551 1216 1572 s.
1243 1551 1303 1580 w.;
1332 1540 1519 1572 dubitantes

847 1588 937 1618 steht
961 1586 1106 1619 absolut.
1134 1604 1176 1608 —
1207 1596 1306 1618 arma
1332 1596 1369 1625 tn,
1401 1596 1437 1617 so
1464 1587 1520 1618 hat

846 1632 1125 1664 wahrscheiulich
1143 1632 1244 1663 sehon
1264 1632 1337 1665 Yal.
1353 1630 1441 1663 Max.
1461 1642 1517 1672 ge-

847 1679 950 1718 leseu,
975 1689 1000 1709 s.
1030 1678 1049 1709 l.
1071 1678 1107 1709 l.:
1135 1679 1379 1720 interpretatus
1402 1678 1515 1709 urbem

846 1726 994 1755 nostram
1013 1725 1135 1755 virtute
1153 1725 1324 1764 (nullisque
1339 1724 1518 1765 praecipue

845 1769 1016 1801 ea‘cellere.

890 1816 988 1846 4—6.
1016 1815 1136 1854 silent,
1156 1814 1326 1845 vielleicht
1348 1814 1395 1846 ist
1412 1814 1518 1845 (lavor

845 1863 875 1892 et
894 1859 1114 1901 ausgefallen.
1139 1879 1182 1883 —
1206 1859 1326 1902 templa
1345 1864 1422 1900 etc.,
1441 1870 1466 1890 5.
1486 1859 1517 1898 2,

847 1906 899 1946 49,
929 1906 966 1943 73
997 1905 1075 1938 Tac.
1104 1906 1141 1937 H.
1171 1906 1199 1945 1,
1227 1906 1279 1936 40.
1307 1923 1341 1927 —
1374 1905 1419 1936 (ια’
1440 1905 1518 1936 deos

844 1962 948 1991 maa,
977 1952 1081 1983 denen
1109 1952 1181 1983 sich
1205 1962 1246 1981 zu
1264 1950 1392 1981 weihen
1419 1961 1455 1981 er
1473 1950 1517 1981 im

845 1997 989 2038 Begriffe
1007 1997 1061 2033 ist,
1081 2008 1106 2029 s.
1122 1998 1152 2028 d.
1168 1996 1275 2028 Stelle
1289 2007 1329 2026 zu
1348 1995 1368 2037 ξ
1385 1996 1421 2036 33
1441 1996 1471 2035 8,
1486 1998 1516 2034 ‘.l,

846 2043 884 2081 63
904 2042 1037 2074 Preller
1054 2043 1160 2086 Myth.
1180 2042 1212 2074 S.
1232 2041 1308 2073 466.
1328 2059 1368 2064 —
1392 2052 1456 2073 nou
1476 2042 1516 2072 ab

844 2099 874 2120 a.
894 2093 970 2127 ete,
989 2098 1015 2119 s.
1040 2090 1065 2127 l,
1085 2088 1142 2125 123
1162 2087 1237 2119 eine
1255 2087 1442 2119 natiirliche
1455 2086 1515 2118 Er-

845 2133 998 2175 kliirung,
1013 2144 1038 2165 s.
1052 2134 1161 2166 Varro
1172 2133 1193 2164 l.
1204 2134 1225 2165 1.
1238 2143 1314 2164 eum
1329 2132 1433 2164 locum
1446 2144 1517 2164 esse

844 2178 1055 2221 fulguritum
1075 2183 1105 2211 et
1121 2190 1167 2210 εει·
1183 2177 1243 2210 SC.
1262 2180 1416 2220 saeptam
1434 2189 1515 2217 esse,

845 2224 882 2256 id
896 2224 985 2265 quod
1005 2226 1141 2266 factum
1167 2227 1255 2256 esset
1271 2234 1292 2255 a
1311 2223 1424 2255 Curtio
1442 2234 1516 2254 eou-

845 2269 925 2308 sule,
948 2272 1026 2311 quoi
1043 2270 1085 2302 Jl.
1109 2269 1362 2311 Genuciussait
1379 2269 1514 2310 collega,

845 2326 871 2347 5.
905 2316 936 2355 4,
972 2318 998 2356 l,
1030 2316 1087 2348 hat
1120 2315 1157 2347 L.
1192 2316 1414 2355 iibergangen,
1449 2314 1516 2354 vgl.

845 2361 1013 2394 ssroecker
1038 2362 1071 2393 S.
1090 2361 1166 2393 243.
1194 2379 1235 2383 —-
1260 2370 1342 2392 cura
1360 2372 1389 2391 n.
1410 2361 1517 2401 iuqui-

844 2407 951 2439 rendi.
966 2425 1009 2429 —
1021 2407 1121 2448 fama
1138 2409 1176 2437 st.
1195 2417 1233 2445 e.,
1252 2415 1325 2436 man
1340 2415 1430 2436 muss
1445 2405 1516 2436 sich

844 2463 884 2484 an
910 2452 963 2484 die
989 2452 1074 2493 Sage
1099 2452 1228 2488 hasten,
1256 2451 1309 2482 bei
1335 2450 1514 2483 derselbeu

844 2499 958 2530 stehen
979 2498 1122 2537 bleiben,
1141 2498 1172 2537 4,
1192 2496 1246 2537 23,
1266 2497 1303 2536 33
1322 2496 1516 2535 Einleitung

890 2583 926 2629 6,
954 2582 1058 2629 7-9,
1100 2590 1124 2620 1.
1153 2585 1258 2627 Hrieg
1275 2586 1334 2618 mit
1353 2586 1413 2616 den
1431 2585 1513 2616 Her-
