1763 2983
224 164 275 202 '70
711 161 834 194 LIBER
863 160 916 194 Vl.
957 160 1049 193 CAP.
1075 161 1128 193 34.
1390 171 1413 186 ⁸·
1435 171 1459 186 u.
1480 164 1529 187 377
1551 163 1638 193 (378)-

224 266 268 304 ad
292 265 529 304 triluuiatum
557 265 721 303 militum
754 264 854 302 inter
876 263 1056 315 patricios
1086 264 1314 315 petendum,
1345 264 1449 316 quod
1471 269 1578 304 tanta
1601 264 1635 303 vi

177 352 179 354 .
227 328 266 361 ut
284 323 416 361 liceret
432 321 690 367 tetenderant,
715 320 781 360 sed
798 333 846 360 ne
866 321 912 360 ad
934 320 1108 372 plebeios
1126 320 1286 372 quidem
1308 320 1555 372 magistratus
1573 334 1636 360 ea-

226 379 441 430 pessendos
464 378 734 429 petendosque
748 377 814 416 ulli
831 377 912 416 viro
929 377 1006 416 acri
1028 377 1322 428 experientique
1338 377 1493 417 animus
1515 383 1634 424 esset,

227 435 595 487 possessionemque
617 434 776 473 honoris
801 434 973 485 usurpati
998 434 1112 472 modo
1135 447 1155 473 a
1176 434 1286 485 plebe
1307 446 1375 485 per
1396 447 1540 486 paucos
1561 447 1635 474 an-

179 499 188 525 ῖ
228 505 298 531 nos
329 503 578 542 recuperasse
608 491 646 530 in
668 496 900 542 perpetuum
931 496 1058 542 patres
1087 490 1323 530 viderentur.
1373 502 1421 529 ne
1451 491 1488 530 id
1520 490 1635 530 nimis

227 550 365 587 laetum
385 548 484 599 parti
501 548 610 587 alteri
628 553 742 594 esset,
760 560 887 599 parva,
907 554 949 586 ut
961 547 1193 599 plerumque
1209 548 1318 594 solet,
1336 560 1420 587 rem
1435 548 1636 599 ingentem

227 605 414 644 moliundi
435 618 548 644 eausa
569 604 788 644 intervenit.

339 662 385 700 M.
408 661 503 699 Fabi
525 661 716 707 Ambusti,
746 661 916 712 potentis
949 660 1018 700 viri
1040 673 1129 700 cum
1151 661 1255 700 inter
1283 661 1345 700 sui
1366 661 1542 712 corporis
1563 661 1636 700 ho-

228 719 351 757 mines
374 724 456 757 tum
481 718 595 757 etiam
618 718 663 756 ad
686 718 852 769 plebem,
877 719 978 769 quod
1002 718 1303 769 haudquaquam
1326 718 1431 757 inter
1451 718 1490 757 id
1512 730 1635 768 genus

224 782 473 826 contemptor
494 775 578 814 eius
601 775 826 820 habebatur,
849 775 947 814 filiae
969 775 1066 814 duae
1088 780 1232 826 nuptae
1254 775 1335 813 Ser.
1360 774 1531 826 Sulpicio
1553 787 1636 813 ma-

228 833 296 877 ior,
328 832 456 870 minor
478 832 517 870 C.
541 832 688 871 Licinio
712 832 864 870 Stoloni
893 837 986 878 erat,
1019 832 1173 871 inlustri
1199 832 1357 882 quidem
1380 831 1473 876 viro,
1504 837 1638 870 tamen

229 889 401 939 plebeio3
429 902 550 939 eaque
572 889 654 940 ipsa
675 889 852 927 adfinitas
874 889 975 928 haud
1006 894 1134 940 spreta
1163 888 1322 940 gratiam
1345 888 1464 928 Fabio
1486 888 1532 927 ad
1554 889 1638 926 vul-

190 954 196 979 ἰ
225 959 314 996 gum
340 945 570 996 quaesierat.
612 946 712 984 forte
734 945 784 984 ita
808 945 954 991 incidit,
972 950 1015 984 ut
1035 946 1076 984 in
1099 945 1209 984 Servi
1227 945 1376 996 Sulpici
1396 944 1541 984 tribuni
1564 944 1638 983 mi—

227 1003 337 1041 litum
357 1003 474 1040 domo
497 1014 649 1041 sorores
666 1002 806 1041 Fabiae
828 1015 917 1041 cum
940 1003 1045 1041 inter
1060 1015 1112 1047 se,
1136 1008 1179 1041 ut
1198 1003 1252 1048 fit,
1275 1001 1521 1041 sermonibus
1534 1007 1637 1040 teni-

228 1071 298 1109 pus
320 1064 505 1103 tererent,
528 1059 639 1097 lictor
661 1059 820 1110 Sulpici,
844 1072 932 1097 cuin
955 1059 986 1097 is
1009 1060 1056 1098 de
1077 1059 1162 1098 foro
1184 1071 1224 1097 se
1248 1059 1408 1098 domum
1432 1058 1635 1109 reciperet,

226 1118 361 1157 sorem,
392 1122 432 1153 ut
455 1128 540 1154 mos
563 1121 632 1161 est,
656 1115 758 1165 virga
786 1120 1018 1166 percuteret.
1062 1128 1150 1154 cum
1175 1116 1222 1154 ad
1244 1115 1296 1162 id,
1327 1115 1447 1154 moris
1471 1115 1554 1154 eius
1576 1115 1638 1153 in-

227 1178 348 1217 sueta,
372 1172 588 1222 expavisset
610 1172 738 1210 minor
759 1171 886 1218 Fabia,
910 1171 1005 1211 risui
1025 1172 1149 1211 sorori
1169 1172 1252 1219 fuit,
1279 1172 1437 1211 miranti
1459 1171 1638 1223 ignorare

228 1229 264 1266 id
288 1241 477 1267 sororem.
503 1234 678 1267 ceterum
699 1229 730 1267 is
751 1229 853 1267 risus
875 1229 1054 1267 stimulos
1073 1229 1199 1280 parvis
1221 1229 1355 1268 mobili
1369 1229 1485 1268 rebus
1506 1229 1637 1268 animo

226 1285 405 1324 muliebri
427 1285 608 1324 subdidit.
645 1285 863 1336 frequentia
881 1298 1035 1337 quoque
1050 1286 1375 1337 prosequentium
1393 1286 1639 1336 rogantium-

221 1402 320 1443 jetzt,
349 1400 547 1441 ungeaehtet
571 1400 662 1431 ihrer
680 1399 897 1441 Verbindung

227 1447 286 1478 mit
305 1447 366 1478 den
385 1445 586 1486 Pau-ieieru,
612 1456 638 1476 S.
662 1457 689 1477 e.
710 1447 758 1483 19,
776 1446 805 1486 4,
832 1456 895 1476 von

227 1492 339 1523 diesen
359 1492 543 1530 veraehtet,
563 1501 628 1522 von
643 1492 704 1522 den
723 1491 895 1531 gemeiuen

228 1537 402 1578 Plebejern
418 1537 508 1568 nieht
528 1537 733 1568 unterstiitzt
747 1537 893 1568 werden.

227 1602 266 1604 m
287 1585 380 1613 [futla
400 1584 437 1619 vi,
457 1584 487 1618 4,
506 1582 543 1614 4:
574 1582 624 1613 lo.
643 1581 828 1624 —petend.
849 1582 896 1614 ist

227 1628 425 1668 Steigerung
450 1638 512 1658 von
537 1627 766 1669 capessendos,
796 1628 835 1659 da
860 1638 894 1659 es

227 1674 280 1704 die
299 1673 516 1713 Bewerbung.
537 1673 629 1704 nicht
647 1673 739 1705 bloss
758 1673 812 1704 die
831 1673 895 1706 Ue-

230 1719 405 1750 bernahme
436 1718 641 1758 bezeichuet,
672 1718 750 1750 kein
779 1719 895 1761 hyste-

229 1769 475 1805 ron-proteron.
493 1782 535 1785 —
553 1765 634 1803 aeri,
655 1764 708 1795 ein
727 1764 894 1796 thatkriif-

229 1810 324 1849 liger,
352 1809 516 1849 muthiger
548 1809 663 1847 Manu,
692 1810 757 1841 wie
774 1810 894 1852 soriis,

226 1857 402 1896 promptus
426 1853 591 1885 mehrfaeh
622 1855 813 1887 verbunden
834 1855 895 1887 mit

227 1901 422 1942 apponens:
456 1900 734 1939 unternehmend,
769 1911 794 1932 s.
826 1901 894 1933 Cic.

231 1946 327 1977 Yerr.
348 1946 378 1985 4,
403 1945 451 1984 17,
476 1945 534 1979 37:
562 1945 605 1976 ib.
628 1947 656 1986 5¹,
680 1948 729 1984 11,
756 1946 796 1977 28
815 1958 844 1977 u.
864 1957 894 1978 a.

229 2010 266 2012 -
291 1992 461 2032 usurpati,
481 1991 511 2028 5,
527 1991 556 2028 2,
580 1990 628 2028 12,
654 1991 720 2031 xgl.
741 1992 771 2031 S,
789 1992 820 2031 4,
846 1992 893 2023 lo.

274 2038 303 2066 ξ).
331 2036 423 2073 Fabi,
450 2046 477 2067 e.
506 2035 557 2067 22.
587 2054 628 2057 ——
654 2039 817 2078 corporis,
843 2037 894 2069 die

230 2080 469 2113 Gesammtheit
490 2080 547 2111 der
563 2080 738 2122 Patricier,
757 2083 789 2121 4,
808 2085 839 2121 u,
859 2083 894 2121 43

228 2127 282 2166 21³,
301 2127 354 2166 45,
372 2128 403 2157 b'.
422 2144 464 2148 —
481 2125 525 2156 ad
537 2125 594 2168 pl„
614 2136 638 2156 s.
662 2127 689 2165 1,
708 2127 761 2166 215,
781 2129 817 2163 ὃς
844 2128 895 2168 24,

229 2173 281 2204 32,
302 2173 338 2206 2;
359 2171 411 2207 29,
436 2171 485 2209 11,
505 2172 534 2201 4.
555 2190 589 2193 —
617 2182 739 2211 genus,
765 2172 815 2203 bei
834 2174 895 2204 den

228 2217 421 2257 l'lebejern,
445 2227 556 2257 genus
580 2217 643 2247 wie
674 2216 700 2250 l,
721 2219 749 2258 5,
770 2217 800 2253 2,
827 2218 893 2258 vgl.

228 2266 258 2300 23,
287 2263 337 2299 lu,
362 2264 399 2299 ὲ),
425 2260 484 2292 auf
504 2261 554 2292 die
574 2261 742 2293 Putricier
765 2262 893 2294 konnen

227 2307 281 2338 die
307 2307 427 2339 &Verte
457 2306 550 2338 nicht
573 2307 717 2346 bezogen
748 2309 894 2347 werden,

228 2354 268 2384 da
285 2352 372 2393 quod
387 2370 429 2374 »-
447 2353 625 2383 lmhelmtm·
649 2352 796 2391 angchen
817 2354 893 2392 soll,

229 2409 251 2428 u
263 2398 292 2428 ie
308 2408 345 2429 er
359 2397 410 2428 bei
426 2398 485 2428 der
500 2397 597 2428 Plebs
611 2397 756 2428 Einssuss
775 2398 895 2437 gehubt

226 2443 319 2474 habe.
361 2443 484 2474 Hierzu
504 2443 581 2474 tritt
598 2443 829 2485 asyndetisch:
845 2445 894 2484 fi-

226 2489 290 2519 liae
308 2488 393 2520 (luae
408 2493 483 2527 etc.,
502 2488 556 2519 ein
572 2488 751 2530 speeieller
767 2487 893 2519 Grund.

226 2553 269 2556 —
288 2533 357 2565 Ser.
374 2533 527 2576 Sulpicio,
545 2533 565 2573 ξ
588 2535 612 2565 1.
639 2552 680 2556 —
706 2535 822 2565 maior.
850 2551 894 2556 —

227 2581 338 2611 minor
374 2580 456 2611 ohne
494 2581 595 2622 natu,
633 2589 658 2610 s.
694 2581 705 2612 1
722 2604 730 2621 ,
767 2580 828 2620 53,
861 2580 889 2610 5.

970 1419 1007 1422 —
1021 1399 1230 1439 Stoloni‚den
1249 1398 1363 1432 Grund
1378 1400 1436 1432 des
1451 1399 1637 1432 Zunamens

970 1456 996 1477 s.
1016 1446 1126 1478 Varro
1153 1446 1192 1477 de
1220 1455 1256 1477 re
1283 1450 1366 1477 rust.
1395 1445 1425 1486 1,
1444 1445 1474 1482 2,
1493 1446 1528 1476 0:
1555 1445 1641 1487 quod

968 1491 1081 1523 mellus
1097 1493 1131 1522 in
1144 1493 1216 1522 eius
1228 1490 1335 1532 fundo
1351 1492 1496 1533 reperiri
1505 1493 1639 1534 poterat

968 1536 1061 1574 stolo,
1080 1535 1167 1578 quod
1177 1536 1352 1579 effodiebat
1365 1538 1488 1568 circum
1506 1537 1639 1569 arbores

968 1594 984 1613 e
1002 1581 1175 1615 radicibus
1190 1592 1273 1623 quae
1288 1584 1508 1614 nascerentur
1524 1593 1542 1613 e
1557 1581 1637 1622 solo,

968 1637 1050 1669 quos
1063 1627 1208 1659 stolones
1221 1627 1438 1669 appellabant.
1452 1645 1492 1650 —
1502 1627 1638 1669 illustri,

969 1673 1033 1705 wie
1052 1673 1176 1704 vorher
1190 1675 1370 1715 principes,
1391 1673 1421 1712 4,
1436 1674 1496 1704 60:
1511 1674 1638 1715 primo-

969 1729 1033 1750 res.
1073 1718 1136 1749 Eia
1159 1718 1384 1750 Verwaudter
1402 1729 1466 1749 von
1484 1718 1549 1749 ihm
1567 1728 1638 1750 war

969 1764 1050 1795 kurz
1075 1764 1207 1805 vorher,
1231 1764 1326 1795 Diod.
1355 1764 1411 1803 15,
1442 1764 1494 1802 57,
1524 1762 1640 1796 friiher

970 1810 1055 1841 zwei
1082 1809 1205 1841 andere
1231 1808 1555 1841 Consulartribunen
1584 1819 1641 1849 ge-

969 1865 1092 1894 wesen,
1118 1856 1147 1896 5,
1175 1855 1232 1894 123
1262 1855 1313 1887 IS.
1340 1873 1383 1877 —
1407 1865 1532 1896 quaes„
1558 1855 1588 1896 7,
1612 1855 1639 1896 1,

974 1904 1007 1939 13
1028 1901 1080 1941 36,
1098 1900 1153 1939 40,
1172 1900 1201 1932 8.

1014 1945 1113 1977 6—7.
1144 1946 1245 1987 forte
1271 1950 1333 1977 etc.
1359 1944 1396 1976 L.
1427 1945 1484 1976 hat
1514 1945 1568 1977 die
1597 1956 1637 1976 an

969 1991 1043 2023 sich
1083 1990 1176 2023 nie-ht
1214 1990 1404 2030 glaubliehe
1444 1989 1639 2032 Erziihlung

970 2037 1072 2068 sehon
1090 2036 1124 2068 in
1141 2036 1252 2068 dieser
1270 2035 1370 2067 Form
1388 2034 1636 2076 voi-gesundem

969 2082 1064 2115 Nieb.
1096 2084 1123 2121 1,
1141 2081 1216 2113 399.
1242 2099 1285 2104 -—
1302 2082 1435 2123 sorem,
1461 2091 1487 2112 s.
1512 2082 1563 2122 39,
1587 2082 1637 2121 12,

971 2128 1005 2165 2,
1026 2127 1079 2167 23,
1103 2128 1152 2167 15,
1176 2128 1231 2160 15:
1250 2126 1333 2158 Plin.
1350 2127 1381 2167 7,
1401 2127 1453 2166 30,
1477 2127 1554 2159 112:
1577 2127 1633 2159 Cn.

971 2174 1150 2215 Pompeius
1178 2191 1219 2195 -—
1251 2174 1443 2204 intraturus
1466 2171 1641 2204 Posidonii

970 2238 1011 2241 —
1029 2217 1164 2249 (Ioniam
1186 2218 1283 2259 fores
1303 2219 1436 2259 percute·
1455 2217 1501 2249 de
1524 2227 1638 2249 more

967 2275 987 2294 a
1013 2263 1123 2296 It'eiore
1147 2264 1266 2302 vetuit,
1291 2263 1417 2294 Becker
1440 2263 1471 2302 2,
1495 2263 1526 2302 2,
1550 2263 1634 2300 378ς

969 2311 998 2346 5,
1022 2309 1048 2345 1,
1069 2310 1142 2341 210.
1162 2327 1201 2331 -
1223 2319 1431 2345 catumeum,
1453 2309 1478 2348 1,
1499 2310 1529 2347 5,
1549 2308 1579 2340 3.
1593 2326 1637 2331 -

968 2354 1012 2385 nd
1028 2354 1070 2395 id,
1098 2354 1150 2385 bei
1176 2354 1286 2386 dieser
1303 2353 1555 2393 Veranlassung
1592 2353 1637 2393 (in

970 2399 1098 2440 Fulge),
1119 2402 1144 2440 1,
1158 2400 1232 2439 7,7;
1251 2400 1372 2431 anders
1388 2399 1440 2439 28,
1462 2399 1512 2438 15,
1531 2400 1566 2438 3;
1583 2399 1638 2439 37,

970 2445 1023 2483 27,
1043 2446 1073 2475 5.
1087 2463 1128 2466 ——
1144 2445 1435 2485 moris—ins.‚21,
1454 2444 1506 2485 35,
1525 2444 1561 2484 33
1579 2444 1637 2475 da-

968 2499 1072 2529 gegen
1088 2491 1141 2529 31,
1160 2491 1213 2529 35,
1229 2492 1264 2522 ὓς
1284 2491 1435 2521 insuetus
1450 2489 1502 2520 ad.
1518 2507 1561 2512 —
1576 2490 1638 2520 mi-

969 2544 1040 2573 nor,
1064 2537 1091 2570 1.
1108 2536 1160 2574 4⁶,
1178 2536 1208 2566 9.
1225 2554 1267 2558 —
1279 2536 1472 2577 frequentia
1484 2540 1562 2573 etc.,
1578 2535 1637 2566 der

971 2578 1084 2611 Grund
1099 2580 1156 2612 des
1172 2580 1309 2620 Neides,
1326 2580 1386 2612 der
1400 2580 1470 2612 sich
1484 2580 1567 2611 nach
1581 2578 1636 2611 L's
