1763 2983
0 2529 1 2560 l

0 2565 2 2584 l

68 212 93 230 ι.
113 204 164 230 cn.
186 204 245 230 310.
578 204 703 236 LIBER
727 203 787 237 IX.
825 204 920 237 CAP.
947 205 999 237 38.

1405 205 1485 245 353

69 307 207 347 caedes
237 306 387 354 fuisset,
420 307 603 346 adversae
631 311 763 345 tamen
791 307 846 345 rei
873 310 974 348 fama
1002 308 1042 346 in
1065 308 1265 347 Romanos
1288 309 1405 348 vertit
1436 308 1484 347 ob

68 363 234 403 amissos
265 364 456 415 quosdam
479 363 670 414 equestris
701 363 846 401 ordinis
874 365 1135 416 tribunosque
1167 365 1337 404 militum
1369 370 1486 416 atque

69 432 193 460 unum
226 421 396 470 legatum
429 424 478 466 et,
511 420 613 471 quod
647 419 799 469 insigne
831 421 999 460 maxime
1032 422 1125 468 fuit,
1159 422 1331 461 consulis
1366 422 1486 473 ipsius

70 477 221 516 vulnus.
255 477 303 515 ob
324 477 418 516 haec
439 476 554 515 etiam
579 481 691 515 aucta
711 476 827 524 fama,
852 482 894 515 ut
915 477 1025 521 solet,
1050 479 1187 529 ingens
1208 484 1335 518 terror
1356 484 1485 530 patres
1515 474 1534 505 9

68 533 221 580 invasit,
254 533 566 584 dictatoremque
589 533 663 572 dici
693 533 892 584 placebat,
910 546 995 581 1160,
1027 535 1122 586 quin
1146 535 1291 574 Cursor
1311 535 1490 587 Papirius

71 590 279 636 diceretur,
297 590 337 629 in
355 603 432 641 quo
450 594 534 628 tum
553 602 707 628 summa
724 589 780 629 rei
796 590 955 629 bellicae
972 591 1206 642 ponebatur,
1229 592 1390 631 dubium
1409 591 1492 630 cui-

69 659 184 698 quam
203 652 296 685 erat.
328 647 397 685 sed
416 659 488 685 1160
509 646 548 685 10
573 646 779 685 Samnium
800 647 984 686 nuntium
1002 648 1164 699 perferri
1182 648 1365 687 omnibus
1383 648 1486 687 infe—
1515 646 1557 678 10

69 703 141 742 stis
172 708 256 741 tuto
288 716 418 754 posse,
451 716 525 742 066
556 704 683 742 vivere
720 702 905 743 Marcium
939 705 1142 744 consulem
1174 705 1267 744 satis
1298 705 1491 751 fidebant,

69 761 165 799 alter
194 761 330 799 consul
351 759 493 799 Fabius
526 760 692 799 infestus
723 761 903 812 privatim
929 761 1082 812 Papirio
1116 767 1208 801 erat.
1249 774 1346 813 quae
1366 773 1416 800 ne
1437 760 1492 799 ira
1523 760 1555 792 11

70 817 241 855 obstaret
257 816 363 855 bono
381 817 549 868 publico,
573 817 720 868 legatos
739 830 785 856 ex
803 819 1069 858 consularium
1087 830 1255 858 numero
1273 818 1491 857 mittendos

69 874 116 912 ad
139 886 228 912 eum
250 880 408 913 senatus
431 874 596 921 censuit,
620 874 686 925 qui
709 886 778 913 sua
797 887 954 926 quoque
978 888 1068 914 eum
1088 887 1168 914 non
1190 874 1345 926 publica
1363 874 1490 913 solum
1521 874 1557 905 12

69 930 297 970 auctoritate
315 935 533 977 moverent,
557 937 599 970 ut
616 932 845 971 memoriam
865 932 1126 971 simultatium
1144 931 1293 985 patriae
1311 931 1492 970 remitte-

70 991 142 1026 ret.
174 987 334 1038 profecti
358 987 472 1039 legati
494 987 540 1026 ad
563 987 727 1027 Fabium
758 1001 848 1028 cum
870 994 1032 1029 senatus
1055 989 1282 1029 consultum
1304 988 1489 1028 tradidis-
1518 988 1558 1019 13

70 1049 159 1083 sent
188 1044 502 1096 adiecissentque
534 1045 753 1084 orationem
785 1046 1088 1085 convenientem
1118 1047 1327 1092 mandatis,
1360 1045 1495 1085 consul

72 1100 253 1140 demissis
284 1101 324 1139 in
355 1106 502 1140 terram
534 1102 655 1141 oculis
676 1102 819 1142 tacitus
841 1102 886 1141 ab
910 1102 1084 1149 incertis,
1117 1104 1306 1155 quidnam
1336 1108 1495 1142 acturus

71 1161 188 1203 esset,
210 1157 345 1208 legatis
365 1157 546 1205 recessit,
568 1163 684 1198 nocte
703 1159 845 1198 deinde
867 1159 1035 1207 silentio,
1059 1165 1102 1198 ut
1118 1173 1203 1199 mos
1221 1165 1293 1207 est,
1316 1159 1357 1198 L.
1377 1159 1492 1210 Papi—
1525 1162 1562 1196 14

70 1214 173 1253 rium
196 1214 425 1253 dictatorem
444 1214 550 1253 dixit.
584 1215 645 1254 cui
663 1228 753 1255 cum
771 1216 819 1255 01)
838 1216 1015 1255 animum
1036 1217 1188 1268 egregie
1210 1217 1356 1256 victum
1379 1216 1493 1267 legati

71 1271 213 1321 gratias
234 1276 406 1321 agerent,
438 1271 679 1311 obstinatum
706 1272 906 1312 silentium
939 1272 1110 1312 obtinuit
1138 1287 1181 1313 ac
1210 1274 1293 1312 sine
1324 1285 1493 1324 reponso

73 1340 116 1366 ac
138 1328 342 1367 mentione
364 1328 455 1367 facti
476 1328 535 1367 sui
557 1328 702 1379 legatos
727 1329 886 1376 dimisit,
910 1335 954 1367 ut
975 1336 1181 1381 appareret
1202 1330 1398 1381 insignem
1422 1330 1494 1368 do-

73 1383 195 1422 lorem
226 1384 375 1435 ingenti
405 1385 597 1436 conprimi
627 1386 771 1424 animo.
821 1385 999 1437 Papirius
1031 1387 1069 1425 C.
1092 1387 1248 1427 Iunium
1271 1387 1490 1426 Bubulcum
1524 1392 1561 1422 15

74 1440 300 1491 magistrum
324 1441 500 1491 equitum
523 1441 637 1490 dixit;
665 1447 782 1494 atque
814 1442 849 1481 ei
877 1443 1003 1494 legem
1029 1444 1219 1484 curiatam
1250 1444 1297 1483 de
1326 1444 1493 1495 imperio

74 1617 170 1655 then3
185 1615 239 1648 die
253 1617 334 1649 aber
349 1616 441 1649 nicht
454 1617 487 1648 in
503 1617 664 1649 derNiihe
679 1628 743 1649 von

74 1662 212 1702 Allifae,
238 1662 381 1694 sondern
409 1662 491 1694 weit
516 1663 550 1693 in
575 1662 743 1695 Samnium

75 1709 170 1748 (nach
187 1708 314 1740 Diodor
344 1708 417 1739 sind
443 1707 495 1739 die
513 1708 685 1740 Samniten
712 1708 744 1739 in

75 1752 235 1797 lapygien
259 1752 474 1793 besch'aftigt)
504 1753 642 1786 erlitten
673 1753 744 1785 sein

75 1798 206 1831 ko'nnte.
233 1817 276 1821 —-
301 1798 460 1835 adwrsae
488 1802 563 1840 616.,
593 1799 660 1840 vgl.
691 1800 745 1839 21,

76 1844 130 1885 52,
166 1844 216 1877 11.
246 1863 289 1866 —
316 1846 484 1885 equestris
509 1844 594 1885 ord.,
623 1845 689 1876 wie
714 1845 744 1886 7,

76 1890 108 1930 S,
130 1892 143 1922 1
163 1889 294 1932 equites
304 1899 385 1931 equo
404 1888 545 1931 publico,
564 1890 624 1921 der
640 1890 745 1922 Naine

75 1935 259 1978 anticipirt,
283 1945 309 1967 s.
335 1935 366 1975 8,
404 1935 433 1975 7,
459 1935 494 1974 33
529 1935 579 1968 10.
608 1935 657 1975 14,
687 1937 744 1974 11;

76 1979 283 2023 Marquardt,
313 1981 343 2021 3,
369 1980 400 2021 2,
432 1980 545 2019 29of.;
574 1979 687 2022 Lange
715 1981 745 2022 2,

76 2026 130 2059 21.
149 2044 192 2048 ——-
220 2028 321 2057 aucta
349 2025 654 2069 fama—placebat,
688 2027 746 2058 das

78 2070 207 2114 lmperf.
227 2081 279 2102 um
299 2071 351 2102 die
370 2071 474 2111 Folge
493 2072 550 2103 des
570 2071 601 2102 in
624 2073 748 2104 invasit

79 2117 388 2159 ausgesprochenen
428 2116 566 2149 Factum
609 2127 650 2148 zu
690 2117 747 2150 be-

81 2162 252 2194 zeichnen.
270 2180 313 2185 -
333 2161 457 2193 Cursor·
483 2163 579 2206 Pap„
598 2163 657 2194 der
680 2163 747 2195 Zu-

79 2218 170 2240 name
198 2207 284 2239 wird
317 2206 527 2248 gewiihnlich
557 2219 620 2239 nur
649 2208 747 2249 dann,

78 2263 171 2285 wenn
189 2253 249 2285 der
262 2253 428 2285 Vorname
442 2253 675 2294 weggelassen
690 2254 746 2293 ist,

77 2298 198 2340 jedoch
235 2298 329 2330 mehr
366 2309 431 2330 von
465 2299 644 2341 Sp'ateren,
678 2299 748 2330 his-

78 2343 197 2376 weilen
214 2343 286 2375 dem
305 2354 420 2376 nomen
438 2344 565 2384 gentile
582 2355 746 2385 vor-ange-

77 2389 184 2428 stellt,
203 2389 235 2428 4,
255 2389 305 2428 14,
323 2390 363 2428 63
382 2388 436 2429 34,
455 2391 484 2430 5,
504 2390 534 2421 9.
553 2408 597 2412 —
613 2400 747 2421 summa

80 2438 155 2475 etc„
173 2434 241 2475 vgl.
261 2445 288 2466 c.
310 2434 360 2475 16,
383 2435 431 2467 19.

129 2479 268 2512 10—12.
298 2480 417 2512 omnib.
436 2481 469 2518 ιζ,
499 2480 558 2512 das
586 2479 673 2512 Heer
703 2481 749 2512 ist

82 2524 153 2556 also
183 2535 248 2556 von
278 2524 359 2557 Rom
390 2525 658 2566 abgeschnitten,
687 2526 753 2558 wie

85 2579 158 2601 man
183 2579 218 2602 es
241 2580 306 2602 von
324 2570 397 2603 dem
414 2571 473 2603 des
490 2569 615 2602 Fabius
640 2570 753 2603 1111011-

82 2618 163 2654 tete,
181 2624 208 2646 6.
228 2613 283 2657 37,
303 2615 363 2655 113
388 2615 491 2647 daher
514 2615 598 2647 auch
623 2616 675 2648 die
693 2616 755 2648 Be·

150 2669 207 2698 Tit.
224 2668 285 2699 Liv.
300 2670 350 2698 111.
366 2671 390 2698 3.
402 2670 477 2698 Aufl.

825 1617 978 1657 sorgniss
996 1617 1029 1648 in
1047 1616 1128 1649 Rom
1145 1618 1210 1649 und
1235 1618 1289 1650 die
1307 1617 1495 1659 Massregel

824 1664 881 1695 dos
897 1664 1035 1695 Senates
1051 1674 1077 1695 0.
1094 1662 1148 1703 36,
1165 1664 1216 1703 14,
1234 1663 1314 1696 weil
1331 1663 1383 1695 die
1399 1663 1495 1695 stadt

826 1720 891 1741 von
917 1708 1034 1740 beiden
1059 1708 1171 1740 Seiten
1195 1709 1256 1741 her
1279 1709 1373 1740 h'atte
1397 1709 1495 1740 iiber-

825 1753 929 1786 fallen
948 1754 1082 1786 werden
1101 1753 1240 1786 kb’nncn.
1257 1774 1299 1777 —
1313 1756 1429 1793 vivere,
1447 1763 1497 1785 ani

826 1799 936 1831 Leben
957 1800 1017 1831 sei.
1037 1817 1081 1822 —-
1098 1800 1256 1841 infestus,
1276 1801 1307 1841 8,
1327 1800 1380 1842 35,
1404 1800 1435 1831 7.
1455 1817 1498 1822 --

825 1856 910 1887 quae
942 1845 1203 1877 nachdriicklich
1233 1845 1495 1886 vorangestelltz

826 1891 919 1923 diese
938 1901 974 1922 so
995 1890 1158 1922 bekannte
1176 1890 1404 1931 Feindschaft,
1427 1891 1496 1930 vgl.

826 1935 923 1967 Nieb.
959 1935 995 1968 R.
1031 1934 1070 1968 G.
1105 1936 1136 1977 3,
1168 1936 1251 1974 2883
1286 1936 1407 1969 ebenso
1437 1946 1498 1967 suo

826 1992 965 2023 quoque,
983 1991 1009 2012 s.
1029 1981 1058 2023 7,
1077 1981 1132 2022 40,
1151 1982 1187 2022 ὃς
1206 1983 1237 2021 5,
1255 1982 1308 2023 48,
1328 1983 1386 2013 7u.
1408 1992 1437 2012 a.
1456 1999 1498 2003 —

827 2029 1031 2059 remitteret:
1085 2037 1156 2058 zum
1204 2026 1307 2070 Opfer
1356 2027 1497 2067 bring-en

826 2073 966 2114 01001116,
1001 2072 1033 2113 8,
1062 2072 1117 2113 35,
1147 2075 1179 2111 1;
1211 2073 1241 2113 7,
1270 2075 1321 2112 11,
1347 2075 1387 2112 93
1417 2071 1497 2104 Tac.

827 2118 914 2150 Ann.
934 2119 962 2153 1.
986 2119 1041 2150 10:
1061 2128 1264 2159 quamquam
1288 2119 1348 2160 fas
1371 2120 1414 2149 3ῐί
1427 2119 1497 2161 prs-

825 2167 901 2195 vata
919 2163 996 2195 odia
1008 2163 1149 2206 publicis
1164 2163 1370 2195 utilitatibus
1382 2165 1497 2196 remit-

827 2212 910 2241 tere.
959 2208 1028 2240 Der
1060 2209 1161 2241 Senat
1194 2209 1279 2241 kann
1314 2209 1406 2241 nicht
1438 2209 1498 2240 mit

828 2254 1019 2286 Sicherheit
1036 2253 1159 2286 darauf
1172 2254 1326 2290 reehnen,
1344 2255 1421 2286 dass
1439 2255 1499 2285 der

827 2299 951 2331 Consul
993 2299 1118 2331 seinem
1158 2300 1355 2332 Beschlusse
1393 2299 1499 2339 Folge

828 2345 951 2377 leisten
981 2345 1105 2385 werde,
1139 2356 1165 2377 3.
1194 2356 1235 2377 zu
1260 2346 1291 2388 7,
1313 2347 1364 2386 17,
1380 2345 1399 2376 6
1417 2343 1451 2384 f.;
1467 2344 1498 2383 S,

832 2391 882 2430 12,
904 2391 955 2423 13.

877 2436 1019 2468 ¹4—16.
1046 2436 1190 2475 silentio,
1215 2447 1241 2468 s.
1260 2436 1290 2476 8,
1310 2435 1364 2467 23.
1385 2435 1435 2466 15.
1454 2453 1497 2457 -«

828 2480 935 2513 silent.
954 2482 1065 2521 obtin„
1096 2483 1124 2522 1,
1146 2481 1196 2521 16,
1221 2482 1251 2512 2.
1271 2499 1314 2504 —
1332 2490 1371 2512 ao
1387 2498 1431 2503 —-
1447 2490 1497 2520 ae,

829 2527 859 2566 5,
877 2525 909 2567 2,
928 2527 960 2559 4.
978 2546 1020 2550 ——
1038 2537 1130 2568 mog,
1149 2528 1260 2568 equit„
1279 2537 1316 2558 er
1334 2526 1417 2557 wird
1434 2535 1498 2557 von

829 2572 901 2603 dem
930 2571 1087 2604 Dictator
1117 2575 1268 2610 ernannt,
1297 2571 1357 2603 ehe
1386 2571 1500 2602 dieser

828 2617 886 2648 das
905 2616 1079 2659 imperium
1098 2617 1165 2648 hat.
1184 2634 1225 2639 ——
1245 2617 1286 2656 ei,
1304 2616 1374 2647 dem
1384 2615 1499 2648 Dicta—

1165 2674 1207 2706 23
