1763 2983
102 174 129 192 a.
149 165 199 193 Ch.
221 165 280 192 215.

582 165 706 198 LIBER
724 165 848 199 XXIII.
870 165 961 198 CAP.
977 168 1030 200 37.

1438 164 1521 207 367

102 277 273 318 turrem,
304 269 452 309 facibus
479 269 703 309 ardentibus
728 269 940 320 plurimum
964 269 1079 308 simul
1100 269 1229 320 ignem
1256 269 1518 309 coniecerunt.

103 340 181 378 quo
212 327 392 366 incendio
424 326 572 377 trepida
604 332 843 365 armatorum
864 326 1068 365 multitudo
1101 338 1191 364 cum
1220 326 1266 365 de
1295 332 1402 365 turre
1434 339 1517 365 sese
1539 332 1558 364 5

102 384 388 434 praecipitaret,
420 383 571 433 eruptio
604 395 650 421 ex
684 383 827 433 oppido
857 383 972 421 simul
1001 382 1152 421 duabus
1183 383 1304 433 portis
1335 382 1518 422 stationes

103 440 274 479 hostium
301 440 400 479 fudit
430 439 653 490 fugavitque
676 440 717 478 111
743 445 882 485 castra,
912 445 955 478 ut
977 452 1021 477 eo
1043 439 1102 477 die
1123 439 1281 478 obsesso
1304 451 1422 490 quam
1444 439 1517 477 ob—

104 497 244 535 sidenti
263 496 423 535 similior
446 502 546 534 esset
564 495 733 534 Poenus.
776 496 823 534 ad
845 496 947 534 mille
969 496 1129 534 trecenti
1147 495 1520 547 Carthaginiensium
1539 499 1558 531 6

103 553 202 592 caesi
229 558 265 591 et
286 553 587 603 undesexaginta
609 553 684 591 vivi
704 552 824 603 capti,
852 553 919 603 qui
942 552 1041 590 circa
1065 565 1200 591 muros
1222 559 1259 591 et
1279 553 1320 591 in
1343 553 1519 591 stationi-

102 609 176 648 bus
206 609 330 648 solute
360 621 403 647 ac
426 610 672 660 neglegenter
697 614 873 659 agentes,
906 621 996 647 cum
1019 609 1113 647 nihil
1133 609 1263 649 minus
1287 621 1405 660 quam
1426 622 1519 648 eru-

101 666 276 716 ptionem
306 666 538 713 timuissent,
571 678 616 704 ex
647 665 848 716 inproviso
880 665 1056 716 oppressi
1087 667 1250 704 fueraut.

1309 666 1518 712 Gracchus,
1539 671 1559 701 τ

101 722 330 773 priusquam
360 735 400 761 se
431 723 561 761 hostes
591 722 636 760 ab
668 722 871 772 repentino
903 734 1046 772 pavore
1076 722 1318 773 colligerent,
1348 723 1520 773 receptui

103 779 258 829 signum
284 779 387 818 dedit
408 791 451 817 ac
471 791 563 817 suos
582 778 683 817 intra
703 790 839 816 muros
860 778 1016 828 recepit.
1059 784 1214 828 postero
1237 779 1296 817 die
1317 778 1519 825 Hannibal,
1539 788 1557 820 8

101 834 244 874 laetum
262 835 431 874 secunda
452 847 494 873 re
511 835 711 873 consulem
725 834 827 872 iusto
844 834 992 884 proelio
1014 840 1118 873 ratus
1136 841 1384 882 certaturum,
1399 835 1519 874 aciem

100 891 201 930 inter
224 897 345 930 castra
361 897 475 942 atque
495 891 633 929 urbem
664 890 865 935 instruxit3
888 896 1072 937 ceterum,
1091 897 1299 942 postquam
1320 892 1520 931 neminem
1539 903 1558 934 9

103 948 251 986 moveri
281 948 327 986 ab
354 948 462 986 solita
486 947 657 986 custodia
680 947 787 986 urbis
808 946 901 985 vidit
923 960 994 985 nec
1020 948 1207 987 committi
1230 948 1439 999 quicquam
1459 954 1518 987 te-

101 1004 288 1043 merariae
310 1005 404 1055 spei,
428 1005 475 1043 ad
497 1004 619 1043 Tifata
640 1004 739 1042 redit
757 1004 899 1042 infecta
924 1016 978 1042 re.

215 1061 364 1108 Quibus
387 1061 522 1099 diebus
546 1061 688 1099 Cumae
711 1060 890 1098 liberatae
911 1065 1002 1099 sunt
1022 1060 1235 1108 obsidione,
1247 1061 1370 1100 isdem
1384 1060 1520 1100 diebus
1542 1065 1581 1098 10

101 1122 139 1155 et
168 1117 209 1155 in
239 1117 405 1156 Lucanis
437 1117 483 1156 ad
513 1118 773 1156 Grumentum
801 1117 856 1155 Ti.
886 1117 1163 1168 Sempronius,
1190 1118 1252 1156 cui
1282 1118 1418 1168 Longo
1451 1130 1519 1156 co-

101 1185 271 1224 gnomen
294 1179 385 1220 erat,
407 1186 497 1212 cum
520 1174 712 1212 Hannone
732 1173 866 1212 Poeno
895 1185 1082 1224 prospere
1113 1180 1268 1225 pugnat.
1301 1187 1419 1225 supra
1442 1175 1519 1213 duo
1542 1175 1580 1208 11

100 1230 205 1268 milia
244 1231 449 1269 homiuum
479 1231 637 1277 occidit,
680 1236 715 1269 et
754 1230 942 1269 ducentos
984 1232 1177 1281 octoginta
1205 1230 1342 1270 milites
1373 1231 1518 1277 amisit,

100 1287 207 1338 signa
227 1287 401 1326 militaria
419 1287 465 1325 ad
488 1286 738 1338 quadraginta
759 1299 884 1325 unum
906 1287 1016 1337 cepit.
1068 1287 1204 1338 pulsus
1226 1287 1368 1326 tinibus
1390 1286 1517 1326 Luca-

99 1343 160 1382 nis
180 1344 321 1382 Hanno
352 1350 456 1382 retro
485 1344 526 1382 in
547 1344 717 1382 Bruttios
750 1356 833 1382 sese
855 1344 1009 1393 recepit.
1058 1350 1095 1382 et
1117 1357 1163 1382 ex
1182 1344 1356 1395 Hirpinis
1378 1344 1520 1395 oppida
1539 1349 1580 1381 12

101 1400 185 1447 tria,
217 1413 316 1451 quae
338 1413 359 1438 a
384 1401 531 1452 populo
554 1401 730 1439 Romano
754 1400 985 1447 defecerant,
1018 1400 1053 1438 vi
1074 1406 1227 1451 recepta
1245 1412 1316 1451 per
1335 1402 1383 1439 M.
1407 1401 1518 1440 Vale—

98 1456 202 1495 rium
234 1462 474 1508 praetorem,
501 1457 731 1496 Vercellium
761 1457 991 1495 Vescellium
1022 1457 1244 1504 Sicilinum,
1276 1463 1312 1496 et
1341 1462 1518 1497 auctores

99 1600 175 1622 man
210 1590 274 1631 (die
309 1590 443 1631 Feinde)
478 1591 651 1622 denselben
694 1601 773 1622 vor-

99 1635 211 1676 schob,
240 1647 265 1668 s.
290 1638 321 1676 9,
350 1639 381 1675 5,
411 1638 461 1670 11.
480 1655 522 1659 —
539 1639 690 1676 adiunot„
708 1636 773 1668 wie

100 1691 165 1712 von
194 1693 298 1724 ayyer,
323 1685 452 1721 vallum,
477 1684 584 1715 vineae
608 1684 775 1724 iniunqere

102 1727 285 1768 gebraucht
308 1727 403 1758 wird.

147 1774 246 1806 5—9.
283 1783 345 1813 quo
370 1775 442 1813 ine„
472 1772 524 1804 die
550 1773 773 1813 dadurch,''so

100 1818 326 1850 entstandene.
354 1837 394 1840 ——
422 1820 543 1858 eruptio
569 1830 632 1858 ez„
666 1829 693 1850 c.
723 1820 773 1858 16,

103 1865 163 1906 123
182 1865 236 1903 28,
256 1865 310 1904 25,
336 1865 385 1897 13.
405 1882 444 1886 -—
469 1865 562 1896 duab.
577 1871 661 1905 port.
683 1864 774 1905 giebt

100 1909 160 1941 den
182 1908 286 1941 Raum
307 1919 359 1949 an,
380 1909 462 1941 iiber
479 1910 539 1941 deu
558 1909 628 1941 sich
647 1909 698 1941 die
712 1910 774 1941 Be-

99 1964 242 1996 wegung
267 1955 443 1996 erstreckt,
472 1966 496 1986 s.
524 1965 565 1986 zu
591 1957 622 1995 2,
657 1957 707 1997 11,
737 1957 776 1998 53

100 2001 163 2040 21,
208 2001 269 2039 38,
311 2002 340 2033 6.
375 2019 414 2023 ——
451 2003 575 2040 eruptio
611 2003 773 2042 —fudit,

100 2044 173 2077 61116
197 2045 304 2077 kiihne
323 2045 605 2087 Personification,
631 2057 656 2078 s.
674 2057 700 2078 c.
719 2048 773 2087 29,

104 2091 163 2133 163
194 2100 221 2122 c,
247 2092 308 2131 26,
337 2092 376 2123 9:
409 2094 561 2131 audacias
592 2094 646 2134 21,
679 2093 709 2133 8,
735 2093 773 2125 8:

99 2146 177 2176 spes,
201 2135 269 2176 vgl.
294 2145 320 2167 c.
349 2137 404 2176 25,
430 2139 468 2169 7:
484 2138 572 2178 fuya
591 2140 773 2170 Cannensis.

100 2201 141 2206 —
157 2183 201 2214 ad
214 2193 254 2213 m.
274 2188 358 2221 trec„
384 2191 409 2212 s.
435 2183 467 2223 3,
496 2184 546 2220 15,
575 2185 605 2223 5,
626 2183 694 2224 vgl.
718 2185 772 2223 22,

103 2229 164 2267 50,
200 2228 250 2260 11.
278 2245 322 2249 —
346 2230 426 2268 περί.
452 2238 518 2269 αφ,
549 2229 610 2269 29,
644 2229 705 2269 32,
735 2230 773 2261 2:

99 2274 294 2305 incuriosius
329 2279 462 2314 agentes.
498 2291 541 2295 —
569 2276 667 2315 colliq.
708 2273 773 2306 wie

101 2319 155 2359 21,
183 2320 214 2358 5,
247 2319 288 2351 16
312 2320 457 2357 recipezre.
478 2321 616 2351 —intra
638 2330 677 2350 m.
702 2330 772 2359 ree„

102 2365 133 2406 3,
158 2365 190 2403 4,
217 2364 246 2397 8.
273 2381 316 2386 —
343 2365 425 2396 iusto
443 2375 510 2405 pn,
535 2375 559 2395 5.
578 2365 632 2405 22,
652 2365 773 2406 28,13.

150 2410 292 2442 10-13.
317 2411 413 2442 isdem
437 2412 478 2447 d.,
504 2420 528 2441 s.
553 2411 585 2451 6,
615 2412 643 2453 1,
672 2411 702 2443 4.
732 2428 771 2433 -

102 2455 322 2495 Grumentum,
346 2454 372 2495 j.
402 2455 427 2486 il
452 2454 602 2494 palazzo,
630 2465 681 2487 am
705 2455 772 2487 Zu-

101 2502 341 2532 sammenflusse
374 2501 430 2532 des
455 2500 539 2532 Sora
564 2501 629 2532 und
652 2500 771 2533 Aciris.

101 2562 145 2566 -—
164 2547 219 2577 eui
233 2548 353 2588 lonqo,
379 2547 438 2578 der
454 2546 575 2578 Consul
598 2546 641 2578 im
661 2550 771 2578 ersten

99 2589 200 2622 Jahre
224 2591 280 2623 des
300 2590 450 2634 Krieges,
473 2591 560 2633 jetzt
584 2592 711 2624 scheint
735 2602 771 2624 er

845 1590 951 1631 Legat
977 1591 1032 1622 des
1057 1590 1100 1622 Μ.
1118 1590 1274 1623 Valerius
1293 1592 1312 1630 ξ
1333 1593 1384 1631 12,
1406 1592 1464 1624 der
1484 1592 1518 1623 in

841 1636 983 1679 Apulien
1007 1637 1109 1676 steht,
1131 1647 1156 1668 e.
1172 1638 1224 1678 33,
1241 1639 1272 1676 5,
1286 1648 1326 1669 zu
1341 1637 1420 1678 56111,
1441 1638 1521 1669 oder

842 1687 935 1714 sonst
967 1682 999 1713 in
1018 1681 1237 1714 Unteritalien
1256 1682 1308 1714 6111
1321 1682 1517 1715 Commaudo

843 1728 965 1768 gehabt
1010 1738 1050 1759 zu
1092 1728 1207 1759 haben.
1268 1730 1448 1771 Hannone,
1490 1739 1516 1761 c.

843 1775 897 1812 30,
927 1775 953 1806 1.
983 1791 1027 1795 —
1050 1776 1211 1805 hominum
1234 1774 1321 1806 wird
1344 1774 1517 1806 bisweileu

844 1819 1037 1860 gebraucht,
1063 1829 1115 1850 wo
1133 1830 1207 1850 man
1226 1822 1326 1852 hostes
1344 1824 1515 1852 erwartet.

843 1867 1103 1897 -et—amisz‘t
1129 1866 1250 1897 ko'nnte
1278 1865 1518 1906 eingeschoben

843 1910 925 1950 sein,
960 1920 1012 1941 um
1051 1910 1162 1942 diesen
1199 1910 1357 1952 gei-ingen
1381 1911 1519 1943 Verlust

844 1956 914 1987 dem
939 1966 1074 1996 grossen
1101 1956 1158 1988 der
1177 1955 1300 1988 Feinde
1329 1957 1518 1998 gegeniiber

843 2012 884 2033 zu
916 2001 1054 2045 stellen3
1090 2004 1212 2035 ducent.
1242 2009 1317 2044 oot.,
1353 2013 1414 2034 nur
1440 2004 1517 2044 280,

845 2047 911 2088 vgl.
937 2057 963 2078 c.
991 2048 1044 2089 36,
1072 2049 1108 2089 13
1139 2047 1274 2089 Madvig
1298 2058 1398 2080 verm.
1432 2049 1519 2080 nach

843 2092 1019 2124 iihnlichen
1045 2092 1183 2133 Stellen,
1215 2104 1241 2125 s.
1268 2104 1294 2125 c.
1321 2094 1375 2133 35,
1406 2095 1463 2127 19:
1489 2100 1518 2126 et

842 2140 1024 2170 COLXXX
1047 2141 1177 2179 milites,
1217 2142 1311 2181 siqua
1340 2157 1374 2162 —
1418 2142 1518 2179 θερέω

842 2183 952 2216 11111655
986 2184 1100 2216 wiirde
1125 2194 1199 2216 man
1223 2196 1260 2217 so
1286 2186 1401 2217 milites
1425 2185 1518 2216 nicht

842 2233 1024 2270 erwarten,
1065 2231 1130 2261 und
1162 2230 1215 2262 die
1248 2230 1332 2262 Zahl
1364 2231 1422 2262 der
1450 2229 1517 2261 Ge-

842 2273 1002 2315 sangenen
1032 2275 1119 2306 kann
1145 2277 1228 2307 auch
1253 2275 1407 2307 ohnedies
1435 2285 1513 2307 aus-

843 2319 987 2361 gefallen
1012 2321 1091 2352 oder
1116 2320 1179 2352 wie
1213 2323 1271 2363 10,
1297 2322 1351 2360 30,
1378 2323 1397 2353 2
1427 2331 1458 2352 u.
1484 2331 1514 2352 a.

842 2365 933 2397 nicht
960 2366 1149 2407 angegeben
1174 2376 1325 2407 geweseu
1343 2365 1425 2409 sein,
1450 2366 1515 2399 wic

842 2421 883 2442 an
917 2411 1060 2443 anderen
1095 2410 1220 2443 Stellen
1257 2411 1353 2443 keine
1379 2411 1515 2444 Fahnen

841 2457 993 2488 erwahnt
1009 2457 1154 2497 werden,
1181 2467 1206 2488 5.
1230 2457 1283 2497 37,
1310 2459 1364 2496 44,
1394 2459 1431 2498 1;
1460 2459 1515 2498 40,

840 2503 895 2545 28,
916 2503 946 2534 6.
970 2519 1007 2524 -
1026 2513 1064 2533 ea:
1079 2504 1190 2542 Hirp.,
1211 2513 1236 2534 s.
1254 2513 1280 2534 c.
1303 2504 1337 2542 13
1359 2502 1515 2535 Valerius

840 2547 936 2578 riickt
964 2547 1034 2578 also
1059 2546 1109 2578 bis
1134 2547 1167 2578 in
1193 2547 1245 2579 die
1271 2547 1423 2589 Gegend,
1461 2558 1514 2579 wo

840 2591 1016 2624 Marcellus
1039 2593 1138 2624 steht.
1155 2611 1198 2616 —
1221 2594 1349 2627 Vercell.
1367 2597 1440 2635 etc„
1462 2593 1514 2625 die
