1763 2983
158 818 209 858 17

233 143 312 183 410

688 138 811 172 LIBER
838 139 882 172 X.
935 139 1028 172 CAP.
1059 140 1109 174 16.
1138 141 1188 173 17.

1501 148 1525 169 a.
1545 148 1572 165 u.
1593 139 1654 169 458.

231 246 422 296 reliquam
440 244 478 283 in
497 243 669 283 Etruscis
686 249 857 291 restare3
878 243 977 283 scire
994 249 1148 295 gentem
1168 244 1296 284 Italiae
1314 242 1653 296 opulentissimam

232 302 351 342 armis
373 301 464 340 viris
485 301 648 353 pecunia
670 313 778 347 esse·⁷
798 300 942 340 habere
963 302 1112 340 accolas
1135 301 1276 348 Gallos,
1306 301 1408 340 inter
1434 299 1583 339 ferrum
1616 306 1655 340 et

233 372 338 398 arma
361 363 487 405 natos,
509 359 661 398 feroces
684 370 773 398 cum
796 363 934 410 suopte
956 358 1111 410 ingenio
1134 363 1218 398 tum
1232 359 1419 397 adversus
1432 356 1653 397 Romanum

232 416 436 469 populum,
461 428 576 468 quem
599 420 754 467 captum
777 429 797 455 a
817 428 857 455 se
879 428 1053 468 auroque
1071 416 1334 467 redemptum,
1354 414 1459 454 haud
1481 426 1576 453 vana
1597 415 1655 455 ia-

186 485 201 515 7
233 479 396 518 etantes,
420 478 652 512 memorent.
685 472 780 511 nihil
796 472 945 519 abesse,
967 474 998 512 si
1020 472 1071 511 sit
1092 473 1245 511 animus
1262 472 1450 519 Etruscis,
1474 471 1541 523 qui
1556 471 1654 510 Por-

233 531 371 570 sinnae
393 530 589 582 quondam
608 529 897 582 maioribusque
914 542 1050 570 eorum
1066 529 1195 575 fuerit,
1220 530 1315 581 quin
1332 529 1528 568 Romanos
1547 529 1656 568 omni

233 600 323 640 agro
342 588 395 627 cis
418 587 591 627 Tiberim
613 588 745 640 pulsos
768 587 951 627 dimicare
972 599 1043 639 pro
1067 587 1192 626 salute
1216 599 1298 633 sua,
1328 598 1407 625 non
1438 586 1484 625 de
1515 585 1655 626 intole-

189 650 208 682 8
232 645 353 685 rando
376 645 506 684 Italiae
528 657 649 696 regno
669 649 821 696 cogant.

874 644 1091 684 Samnitem
1121 644 1192 683 illis
1223 643 1438 683 exercitum
1460 648 1653 695 paratum,

233 703 468 742 instructum
493 702 609 742 armis
633 701 830 753 stipendio
853 702 1025 748 venisse3
1054 701 1258 740 confestim
1290 706 1507 748 secuturos,
1538 700 1597 739 vel
1624 701 1656 740 si

233 761 280 799 ad
304 760 428 813 ipsam
451 760 668 799 Romanam
689 759 829 798 urbem
853 758 1153 811 oppugnandam
1177 758 1331 797 ducant.
1531 756 1534 758 ’

349 817 452 856 Haec
468 830 536 856 eos
554 817 593 855 in
610 816 767 855 Etruria
783 816 969 856 iactantes
987 816 1275 867 molientesque
1292 815 1436 854 bellum
1454 813 1561 853 domi
1578 814 1657 853 Ro-

232 886 394 914 manum
416 874 566 913 urebat.
616 886 707 912 nam
732 873 773 912 P.
795 873 958 919 Decius,
991 873 1059 912 ubi
1089 873 1267 924 conperit
1294 884 1364 924 per
1393 872 1657 923 exploratores

187 940 206 971 2
234 931 455 984 profectum
485 930 719 970 Samnitium
754 930 992 976 exercitum,

1029 929 1213 969 advocato
1242 929 1404 969 consilio
1436 929 1557 980 „quid
1589 940 1660 980 per

231 993 368 1040 agros“
390 988 517 1040 inquit
540 999 751 1039 „vagamur
772 987 922 1026 vicatim
941 987 1261 1026 circumferentes
1278 984 1455 1025 bellum?
1478 986 1574 1038 quin
1591 998 1658 1025 ur-

233 1046 300 1085 bes
324 1051 363 1085 et
383 1045 537 1084 moenia
559 1042 841 1096 adgredimur?
872 1044 1004 1083 nullus
1031 1044 1108 1083 iam
1138 1044 1330 1083 exerc-itus
1354 1043 1513 1083 Samnio
1542 1055 1660 1094 prae-

188 1106 207 1138 3
238 1103 359 1151 sidet3
392 1114 545 1141 cessere
574 1101 718 1140 finibus
741 1114 785 1141 ac
806 1100 967 1140 sibimet
995 1101 1068 1153 ipsi
1098 1100 1256 1140 exilium
1285 1100 1549 1140 conscivere.“
1589 1101 1659 1139 ad-

235 1159 493 1212 probantibus
515 1159 665 1198 cunctis
684 1159 728 1198 ad
746 1158 1002 1210 Murgantiam
1020 1158 1184 1198 validam
1202 1158 1341 1197 urbem
1359 1157 1658 1210 oppugnandam

237 1217 365 1265 ducit,
387 1222 598 1268 tantusque
620 1216 737 1256 ardor
758 1215 928 1255 militum
950 1215 1026 1255 fuit
1049 1220 1086 1254 et
1106 1215 1266 1255 caritate
1294 1215 1401 1255 ducis
1427 1220 1465 1254 et
1485 1227 1552 1267 spe
1575 1227 1659 1253 ma-

236 1274 327 1314 ioris
349 1287 466 1327 quam
488 1287 536 1313 ex
556 1273 774 1325 agrestibus
796 1272 1115 1326 populationibus
1145 1273 1324 1324 praedae,
1352 1277 1397 1312 ut
1426 1283 1508 1312 uno
1537 1272 1598 1311 die
1626 1273 1661 1312 vi

238 1374 473 1432 ἠγαιάκτουν.
504 1395 548 1401 -
581 1377 728 1422 πρῶτον
754 1375 822 1420 μὲι
847 1374 912 1409 οὐκ

237 1426 296 1459 ἐπὶ
328 1422 443 1467 τούτω
479 1423 708 1464 πεποιῆσθαι
753 1422 812 1466 λέ)
814 1433 913 1459 οντες

238 1468 300 1507 τὰς
329 1470 411 1523 περὶ
440 1469 502 1510 τῆς
530 1465 672 1511 εἰρήιης
704 1466 912 1512 ὁμολογίας,

237 1516 298 1550 ἐπὶ
321 1516 371 1558 τῷ
394 1514 533 1566 μηδένα
553 1512 652 1569 μήτε
682 1515 792 1566 φιλον
822 1513 915 1547 ἱδιον

238 1549 455 1605 ἡγήσᾶσθαι
482 1555 562 1614 μήτ’
596 1558 742 1607 ἔχθοόι,
772 1555 835 1612 §av
863 1557 913 1604 μὴ

237 1606 407 1652 Ρωμαῖοι
442 1604 647 1639 κελευωσιν.
682 1625 724 1629 -
759 1602 913 1646 ἀποκρι-

238 1654 403 1708 νομένωπ
445 1651 484 1684 δὲ
518 1652 587 1685 τῶν
616 1649 818 1696 Ῥωμαιων,
861 1650 916 1684 ὃτι

239 1710 322 1735 τοις
377 1695 562 1751 ὑπηκόοις
627 1682 916 1740 ὀιιολογὴσαιῑες

240 1743 389 1778 ἔσεσθαι
409 1763 451 1766 -
470 1739 617 1776 ἅπαντα
637 1745 835 1776 πείθεσθαι
862 1743 920 1777 δεῖ

239 1792 311 1826 τοῖς
333 1787 579 1833 παρειληφόσι
604 1785 666 1829 τὴ]
681 1784 809 1834 [Ξρχηι,
832 1800 857 1822 s.
875 1801 916 1821 zu

242 1849 269 1868 c.
293 1837 343 1877 11,
365 1836 421 1876 12;
440 1835 538 1875 Nieb,
560 1835 588 1874 1,
608 1835 683 1866 506.

288 1881 387 1913 6—8.
428 1880 592 1923 reliquam
623 1882 714 1921 rest.,
744 1880 796 1912 ein
828 1881 917 1913 nicht

242 1928 390 1960 seltener
408 1926 636 1958 pleonasmus,
655 1945 697 1948 —
715 1927 810 1967 scire,
840 1927 866 1966 1,
885 1926 916 1969 9,

241 1975 272 2005 4.
291 1992 333 1996 —-
348 1973 498 2015 pecunia,
517 1983 544 2003 s.
564 1983 591 2003 c.
614 1972 665 2012 10,
694 1971 724 2003 7.
757 1971 917 2004 Etrurien

242 2030 314 2051 war
339 2017 456 2050 friiher
486 2018 588 2049 durch
613 2017 742 2048 Handel
775 2018 840 2049 und
863 2017 917 2050 In-

243 2064 384 2105 dustrie,
400 2074 436 2094 so
451 2063 518 2095 wie
533 2063 637 2094 durch
651 2062 746 2094 seine
757 2062 919 2095 Seeherr-

243 2108 353 2142 schaft
368 2109 461 2141 reich
476 2109 667 2150 gcworden,
683 2118 708 2139 s.
724 2108 874 2141 Momms.
890 2110 918 2150 1,

244 2156 308 2188 323
318 2155 341 2188 f.
358 2174 401 2179 —-
418 2156 503 2187 inter
518 2155 549 2198 f.
568 2159 646 2195 etc„
662 2154 730 2194 Vgl.
753 2155 785 2196 4,
808 2155 859 2195 15,
881 2155 917 2186 3:

244 2204 345 2233 natus
362 2202 396 2232 z'n
414 2200 514 2232 libero
540 2199 659 2244 populo
677 2201 764 2232 inter
789 2201 865 2233 iura
890 2203 920 2233 el

243 2247 344 2290 leges,
361 2257 414 2278 um
432 2246 485 2278 die
495 2245 585 2286 Lage
602 2245 668 2276 und
680 2245 848 2278 dauernde
861 2246 920 2278 Be-

245 2292 457 2333 schfiftigung
483 2302 523 2323 zu
554 2290 755 2323 bezeichnen
788 2311 831 2315 —
854 2291 920 2324 Ro-

243 2349 334 2370 man.
349 2348 437 2382 pop.,
454 2337 520 2369 wie
529 2337 560 2378 8,
576 2337 629 2377 23,
648 2336 685 2377 63
704 2337 787 2369 doch
800 2338 857 2370 hat
866 2338 920 2371 die

245 2384 371 2416 ’alteste
380 2383 458 2416 Hds.
473 2382 650 2423 Romanos,
661 2382 830 2426 populum,
845 2394 872 2415 5.
889 2384 920 2425 9,

247 2430 301 2471 29,
319 2430 356 2470 93
379 2428 483 2461 Gron.
500 2439 604 2461 verm.
622 2428 804 2470 Romanos,
825 2440 918 2472 quem

246 2485 317 2519 pop.
343 2494 385 2497 —
415 2473 634 2517 redemptum,
662 2476 692 2515 5,
718 2475 773 2515 49,
796 2474 822 2506 1.
860 2475 919 2507 Die

250 2521 494 2561 Aufforderung
520 2520 573 2552 die
600 2519 732 2552 Gallier
761 2520 811 2552 als
837 2521 922 2552 Bun-

249 2567 473 2607 desgenossen
489 2566 769 2599 herbeizuziehen
792 2566 922 2608 ergiebt

985 1377 1057 1409 sich
1086 1387 1145 1409 aus
1164 1378 1236 1409 dem
1253 1377 1420 1418 Vorherg.
1446 1388 1512 1410 von
1539 1377 1659 1411 selbst.

985 1442 1027 1446 —
1053 1424 1200 1465 Porsz'n.,
1223 1423 1254 1465 2,
1279 1423 1310 1464 9,
1350 1425 1377 1456 1.
1395 1441 1437 1446 -
1454 1425 1503 1455 cis
1539 1423 1662 1467 Tiber„

986 1469 1039 1501 die
1058 1469 1126 1501 alte
1145 1468 1277 1501 Grenze
1304 1469 1333 1509 1,
1360 1469 1390 1510 3,
1419 1470 1438 1501 5
1457 1469 1523 1501 5011
1540 1469 1660 1510 herge-

986 1514 1095 1555 stellt,
1113 1514 1172 1546 das
1187 1514 1338 1546 siidlichc
1354 1514 1516 1548 Etrurien
1533 1515 1661 1548 wieder

985 1560 1122 1593 erobert
1139 1561 1285 1592 werden.
1303 1578 1348 1583 —
1363 1560 1513 1603 pro—de
1527 1561 1592 1593 wie
1607 1561 1660 1603 21,

986 1607 1041 1647 41,
1063 1607 1112 1639 14.
1136 1624 1181 1629 —
1205 1605 1381 1650 stipendio,
1411 1606 1464 1638 die
1490 1606 1661 1639 Samniten

988 1652 1111 1683 wollen
1141 1652 1236 1684 ihren
1267 1651 1424 1695 Truppen
1458 1652 1565 1685 selbst
1597 1653 1660 1685 den

988 1698 1080 1737 Sold,
1097 1697 1157 1729 der
1173 1697 1238 1728 wie
1256 1697 1290 1729 in
1304 1697 1386 1729 Rom
1403 1703 1664 1739 vorausgesetzt

988 1743 1086 1783 wird,
1104 1743 1296 1775 auszahlen.
1321 1762 1364 1768 -
1388 1742 1422 1775 In
1450 1744 1510 1776 der
1533 1754 1660 1785 ganzen

988 1789 1078 1821 Rede
1096 1789 1253 1821 herrscht
1270 1789 1327 1821 das
1345 1788 1551 1832 Asyndeton.

1037 1873 1104 1912 17.
1136 1880 1230 1912 1——4.
1259 1890 1324 1919 eos,
1341 1880 1392 1912 als
1407 1880 1587 1913 Vertreter
1604 1881 1664 1913 der

989 1926 1173 1957 Bewohner
1190 1935 1255 1957 von
1273 1926 1442 1958 Samnium
1458 1930 1558 1958 statt:
1583 1926 1664 1959 dum

989 1972 1068 2003 haec
1086 1972 1219 2011 iactant,
1244 1973 1393 2015 patriam
1420 1982 1662 2005 eoram—are-

991 2018 1054 2048 bat.
1074 2036 1115 2039 ——
1134 2016 1236 2058 domi,
1254 2017 1450 2050 attributiv:
1474 2017 1561 2060 qaod
1574 2017 1666 2051 domi

990 2062 1084 2105 apud
1098 2072 1156 2094 eos
1176 2064 1370 2104 gerebatur.
1391 2083 1434 2086 —
1451 2064 1581 2105 urebat,
1606 2064 1663 2097 be-

991 2108 1141 2151 liistigte,
1165 2108 1225 2140 mit
1251 2109 1495 2151 personlichem
1515 2109 1664 2152 Objecte‚

992 2154 1046 2195 36,
1071 2154 1124 2193 23,
1149 2154 1185 2185 5:
1211 2154 1508 2187 Aetolos—labore
1534 2159 1663 2188 urente.

992 2219 1034 2223 -—-
1052 2200 1195 2241 vicatim,
1215 2211 1280 2232 von
1300 2199 1388 2232 Dorf
1402 2211 1444 2232 zu
1460 2200 1561 2239 Dorf3
1588 2211 1613 2234 S.
1632 2203 1664 2242 9,

995 2246 1047 2286 13,
1068 2247 1095 2277 7.
1116 2245 1352 2289 -ρναθείιῐείε
1376 2257 1449 2278 zum
1463 2246 1606 2279 Schutze
1623 2247 1664 2279 da

992 2291 1077 2332 sein,
1101 2292 1167 2331 vgl.
1196 2302 1223 2323 c.
1253 2291 1307 2331 30,
1327 2291 1365 2330 83
1392 2303 1434 2323 zu
1456 2291 1508 2331 23,
1532 2292 1587 2333 34,
1608 2292 1665 2332 12;

993 2337 1023 2377 6,
1046 2338 1096 2376 16,
1116 2337 1145 2368 2.
1163 2356 1205 2360 ——
1223 2336 1360 2380 adprob.
1385 2347 1426 2378 c.,
1450 2337 1518 2369 alle
1536 2337 1662 2369 welche

993 2393 1033 2414 an
1059 2383 1132 2415 dem
1150 2380 1375 2423 Rriegsrathe
1393 2382 1490 2415 Theil
1515 2383 1664 2415 nahmen.

993 2428 1244 2470 Murgantiam,
1274 2428 1348 2460 eine
1373 2427 1470 2460 Stadt
1496 2428 1555 2460 der
1581 2428 1666 2461 Pen-

992 2480 1065 2507 trer
1082 2484 1122 2505 an
1140 2475 1199 2507 der
1218 2473 1348 2506 Grenze
1368 2484 1431 2505 von
1450 2472 1602 2517 Apulien.
1622 2493 1664 2498 ——

993 2521 1185 2562 agrestibus
1217 2534 1259 2547 =
1290 2529 1464 2561 agrorum,
1494 2520 1526 2551 in
1554 2520 1665 2561 Bezug

995 2565 1055 2598 auf
1074 2567 1217 2598 vicatim.
1248 2584 1290 2589 —
1319 2567 1571 2609 eapti—capta,
1606 2566 1665 2598 ob-
