1763 2983
96 173 123 193 n.
142 165 194 192 Oh.
216 164 277 192 320.
610 163 733 196 LIBER
758 163 816 196 IX.
855 164 947 197 CAP.
974 164 1005 197 9.
1424 163 1505 203 289

91 273 157 306 aut
173 279 306 318 pacem
325 267 536 306 adferrent.
561 279 604 305 ea
623 267 780 304 demum
799 267 959 318 sponsio
978 272 1092 313 esset,
1111 279 1228 318 quam
1244 266 1378 318 populi
1396 266 1506 305 iussu

90 324 452 375 spopondissemus.
489 324 555 362 sed
578 335 708 374 neque
730 336 796 362 vos
818 324 1020 370 tulissetis,
1044 336 1116 362 1166
1136 335 1208 362 nos
1228 323 1506 375 spopondisse-

90 393 192 425 mus,
211 394 282 419 nee
297 381 353 419 fas
369 380 443 419 fuit
451 380 569 419 alium
580 392 711 419 rerum
722 380 867 418 exitum
880 392 978 427 esse,
992 393 1107 431 quam
1120 380 1223 420 utilli
1234 380 1337 419 velut
1349 380 1503 419 somnio

90 437 263 484 laetiore,
295 445 411 489 quam
443 437 546 488 quod
568 442 720 475 mentes
742 449 877 475 eorum
900 449 1036 488 capere
1057 443 1232 488 possent,
1264 437 1503 489 nequiquam

91 494 358 541 eluderentur,
370 500 408 532 et
419 499 601 533 nostrum
613 494 826 532 exereitum
837 493 986 539 eadem,
1000 506 1097 544 quae
1109 494 1338 545 inpedierat,
1347 494 1505 542 fortuna

92 551 302 602 expediret,
334 563 473 590 vanam
505 550 706 590 victoriam
738 550 872 589 vanior
902 550 1058 589 inritam
1088 550 1231 590 faceret
1261 564 1347 602 pax,
1384 564 1504 603 spon-

91 608 148 646 sio
172 608 506 659 interponeretur,
539 620 636 659 quae
656 607 854 647 neminem
878 612 1030 659 praeter
1050 619 1281 658 sponsorem
1306 607 1506 659 obligaret.

93 664 184 716 quid
203 665 308 704 enim
326 664 538 711 vobiscum,
557 670 685 716 patres
703 664 928 716 conscripti,
947 664 1040 716 quid
1058 676 1147 703 cum
1166 665 1311 715 populo
1331 665 1508 704 Romano

93 726 223 760 actum
245 719 334 761 est?
367 722 451 773 quis
474 734 539 760 vos
562 722 753 773 appellare
775 727 919 773 potest,
950 721 1036 773 quis
1058 734 1100 760 se
1122 735 1143 761 a
1163 721 1271 760 vohis
1294 721 1420 760 dicere
1442 722 1511 760 de-

93 777 281 829 ceptum‘?
312 779 437 818 hostis
459 790 508 818 an
530 779 621 818 civis
635 776 656 816 Ῥ
687 779 790 817 hosti
812 778 908 817 nihil
929 778 1208 830 spopondistis,
1240 777 1363 816 civem
1386 778 1512 816 nemi-

91 847 180 873 nem
205 835 398 887 spondere
420 848 490 887 pro
508 835 618 874 vobis
640 835 817 874 iussistis.
854 835 951 873 nihil
968 847 1057 885 ergo
1076 834 1187 874 vobis
1209 846 1281 874 nec
1301 834 1508 873 nobiscum

93 897 164 938 est,
197 893 337 943 quibus
368 893 463 931 nihil
494 892 721 938 mandastis,
753 904 824 931 nec
846 905 935 931 cum
958 892 1211 938 Samnitibus,
1245 904 1333 930 eum
1364 890 1509 943 quihus

90 948 187 987 nihil
209 949 350 1000 egistis.
388 949 630 988 Samnitibus
653 961 863 1001 sponsores
886 961 959 987 nos
981 961 1121 988 sumus
1143 949 1200 988 rei
1222 949 1315 987 satis
1336 948 1511 1000 locuple—

91 1010 147 1044 tes
170 1005 210 1044 in
229 1006 280 1051 id,
302 1007 407 1058 quod
425 1012 601 1046 nostrum
621 1012 692 1053 est,
715 1007 754 1045 in
771 1006 819 1053 id,
843 1006 948 1058 quod
965 1011 1164 1057 praestare
1181 1018 1405 1057 possumus,
1424 1017 1512 1044 cor-

91 1075 185 1114 pora
206 1069 340 1102 nostra
361 1069 398 1101 et
419 1064 592 1102 animos:
616 1064 655 1102 in
675 1064 770 1102 haec
792 1063 978 1109 saeviant,
1001 1063 1040 1102 in
1058 1064 1152 1102 haec
1171 1063 1337 1109 ferrum,
1360 1062 1399 1101 in
1417 1063 1513 1101 haee

92 1119 168 1159 iras
189 1126 342 1159 acuant.
381 1121 487 1172 quod
508 1121 554 1159 ad
576 1120 757 1159 tribunos
781 1121 930 1167 attinet,
953 1120 1159 1165 consulite,
1176 1125 1310 1159 utrum
1326 1131 1512 1171 praesens

92 1176 235 1215 deditio
258 1190 396 1216 eorum
418 1177 501 1216 lieri
522 1177 660 1229 possit,
684 1190 733 1216 an
754 1177 793 1215 in
815 1177 918 1216 diem
941 1177 1163 1223 differatur,
1186 1189 1259 1216 nos
1277 1177 1446 1223 interlin,
1468 1176 1513 1214 T.

94 1233 229 1272 Veturi
239 1247 385 1286 vosque
403 1235 534 1281 ceteri,
551 1234 635 1273 vilia
651 1234 746 1273 haec
763 1234 888 1286 capita
905 1234 1071 1273 luendae
1089 1234 1316 1285 sponsionis
1330 1236 1514 1279 seramus,

96 1296 134 1328 et
165 1296 299 1330 nostro
338 1291 528 1343 supplicio
566 1291 780 1331 liberemus
812 1291 989 1330 Romana
1026 1295 1174 1330 arma.“
1233 1290 1352 1329 Movit
1381 1295 1512 1342 patres

98 1417 158 1449 mit
180 1418 252 1449 dem
271 1417 388 1450 Volke.
409 1435 453 1440 —
471 1428 529 1449 nee
552 1428 612 1449 nos
639 1428 689 1460 sp.
722 1417 768 1449 ist

98 1462 199 1503 Folge
217 1474 281 1495 von
300 1474 358 1494 neo
375 1473 430 1495 vos
452 1466 526 1503 tut„
550 1463 615 1494 und
643 1463 768 1494 diesem

97 1509 228 1549 logisch
258 1510 536 1550 untergeordnet:
571 1509 645 1541 eine
679 1508 770 1540 nicht

98 1553 189 1586 bloss
204 1554 258 1586 die
272 1553 535 1596 Spondirenden,
551 1555 695 1586 sondern
710 1554 769 1585 das

97 1599 185 1632 Volk
214 1600 379 1632 rechtlieh
411 1600 575 1632 bindende
604 1599 770 1643 Sponsiou

99 1645 192 1676 w'are
218 1645 311 1677 nieht
339 1656 380 1677 zu
404 1645 527 1677 Stande
557 1646 769 1686 gekommen3

100 1700 135 1722 es
165 1700 236 1722 war
269 1690 342 1722 also
373 1691 446 1723 eine
476 1691 601 1722 hohere
630 1690 771 1732 Fiigung

99 1737 184 1777 (fas,
203 1736 372 1778 fortuna,
391 1737 449 1768 das
472 1736 668 1777 vorhergeh.
698 1746 771 1777 neq.

102 1780 260 1824 spopond.
290 1782 476 1824 entspricht
500 1782 572 1814 dem
590 1782 668 1822 ius),
695 1783 772 1813 dass

100 1837 163 1858 nur
177 1826 250 1858 eine
261 1826 541 1869 Scheinsponsion
556 1827 772 1868 geschlossen

99 1872 226 1912 wurde,
250 1872 317 1913 vgl.
339 1883 412 1904 zum
432 1872 612 1905 Gedanken
638 1873 691 1914 21,
717 1873 772 1912 40,

104 1919 153 1951 11.
175 1936 217 1940 —-
234 1919 438 1960 nequiquam
453 1918 506 1959 eL,
533 1929 570 1950 so
594 1918 773 1959 getiiuseht

99 1964 247 2005 worden,
266 1964 342 1995 dass
361 1963 467 2004 Alles,
491 1974 559 1996 was
580 1964 626 1995 sie
650 1964 772 2005 gethan

99 2008 217 2050 haben,
247 2009 329 2041 ohne
344 2008 463 2051 Erfolg
480 2020 562 2050 war,
581 2021 605 2041 s.
620 2010 649 2049 5,
665 2010 718 2051 43,
737 2010 771 2047 13

101 2054 156 2096 22,
175 2055 228 2094 43,
252 2056 286 2093 13
314 2055 358 2086 ib.
378 2055 430 2095 53,
449 2056 478 2086 4.
508 2075 549 2078 —
576 2054 772 2099 z'npedz'erat.

101 2119 143 2123 ——
168 2099 289 2143 eoeped.
308 2101 362 2142 25,
384 2101 435 2141 11,
456 2101 506 2133 16.
524 2120 566 2124 —
598 2111 717 2132 ranam
731 2120 773 2123 —

104 2156 197 2186 vam,
220 2148 247 2186 1,
268 2146 298 2187 7,
317 2145 345 2177 8.
368 2165 409 2168 —ss
427 2157 510 2188 quae
528 2158 612 2178 nem.
638 2151 700 2178 eto.
728 2146 775 2178 ist

102 2192 162 2223 der
194 2191 386 2232 wichtigste
421 2191 590 2231 Gedanke,
623 2192 774 2224 welcher

102 2236 123 2278 ξ
139 2237 268 2270 16—19
279 2237 401 2269 weiter
415 2237 714 2278 ausgeffihrtwird.
732 2257 774 2260 —

153 2282 292 2314 16-19.
320 2282 501 2326 appellare,
532 2283 613 2315 euch
636 2284 774 2315 mahnen

105 2338 205 2360 euere
214 2327 332 2360 Pllicht
340 2339 380 2359 zu
391 2328 545 2368 erfiillen,
556 2328 703 2360 Cic.Att.
718 2329 746 2369 1,
755 2328 774 2360 8

103 2379 237 2406 extr.-
247 2375 350 2405 civem
358 2384 462 2414 nem„
472 2375 501 2412 6,
512 2374 604 2415 2Ο,4;
615 2374 669 2413 27,
679 2374 731 2416 50,
743 2374 772 2405 2.

106 2438 147 2441 —
156 2418 329 2454 Samnitiu
345 2424 422 2460 eto,
432 2421 493 2452 den
503 2420 610 2451 Samn.
629 2420 705 2460 (von
715 2421 777 2451 den

109 2463 252 2497 Gottern
282 2465 328 2497 ist
353 2465 446 2497 nicht
472 2465 524 2497 (116
550 2464 658 2504 Β6ᾱ6ς
688 2476 714 2497 5.
747 2476 773 2497 c.

109 2511 138 2551 5,
157 2510 189 2549 2)
218 2510 291 2542 sind
321 2510 395 2542 wir
412 2511 463 2543 als
481 2521 660 2554 sponsores
686 2511 777 2542 zahl-

110 2555 189 2586 bare
209 2555 401 2598 Schuldner,
427 2557 562 2589 werden
579 2557 637 2588 das
656 2556 777 2588 leisten

108 2611 178 2632 was
210 2601 274 2632 wir
303 2603 527 2644 versproehen
556 2602 673 2643 haben,
701 2612 778 2634 reus

178 2657 233 2683 Tit.
252 2657 313 2684 Liv.
332 2657 388 2684 111.
409 2658 433 2684 3.
455 2658 528 2684 Aufl.

842 1418 889 1449 ist
917 1417 994 1449 hier
1018 1417 1102 1449 nach
1120 1416 1240 1450 Festus
1265 1429 1294 1460 p.
1325 1416 1407 1449 273:
1436 1426 1515 1449 reus

838 1463 1073 1506 promittendo,
1100 1465 1159 1504 qui
1178 1474 1239 1495 suo
1266 1464 1399 1494 nomine
1416 1462 1518 1494 alteri

842 1508 923 1550 quid
947 1510 1118 1551 promisit,
1148 1520 1212 1541 non
1241 1510 1301 1550 qui
1321 1519 1382 1551 pro
1409 1508 1515 1540 altero

842 1553 924 1596 quid
949 1555 1117 1597 ρνοφηιᾷςίΐ.
1147 1573 1190 1578 -
1219 1553 1370 1597 locuples,
1403 1554 1512 1594 vergl.

844 1598 948 1631 Gaius
966 1599 1040 1640 Dig.
1064 1599 1101 1631 L.
1131 1599 1180 1640 16,
1199 1600 1275 1640 234,
1305 1602 1340 1632 1:
1370 1599 1516 1642 locuples

845 1648 893 1677 est
907 1646 965 1686 (μα’
976 1647 1059 1677 satis
1072 1644 1184 1677 idonee
1196 1646 1293 1676 habet
1304 1655 1367 1689 pro
1380 1646 1515 1687 magmi-

845 1690 962 1722 tudine
981 1692 1040 1731 rei,
1069 1701 1167 1732 quam
1184 1692 1311 1733 petitor
1333 1691 1516 1722 restituen-

846 1736 923 1768 dam
954 1747 1024 1767 esse
1038 1737 1143 1778 petit,
1170 1736 1213 1767 ib.
1235 1735 1309 1777 XII,
1330 1738 1359 1777 1,
1376 1735 1439 1767 42:
1464 1746 1517 1768 re-

847 1792 905 1813 um
938 1781 1127 1824 locupletem
1154 1782 1299 1823 offerre,
1328 1781 1401 1821 vgl.
1435 1780 1512 1813 Tae.

848 1827 936 1858 Dial.
959 1838 985 1858 6.
1006 1829 1035 1858 5.
1057 1846 1099 1850 —
1117 1828 1149 1858 in
1169 1826 1206 1858 id
1220 1832 1283 1859 eto.
1302 1826 1434 1858 scheint
1450 1837 1516 1858 von

845 1873 916 1904 dem
946 1873 991 1904 im
1014 1872 1221 1912 Vorhergeh.
1254 1872 1428 1913 liegenden
1453 1872 1516 1903 Be-

845 1918 941 1959 griffe
955 1918 1015 1950 der
1024 1918 1277 1961 Vrepssichtung
1287 1917 1515 1959 abzuhi‘ingen,

845 1964 911 1995 wie
936 1963 1035 2006 fide-m
1063 1964 1145 1996 dare
1169 1966 1204 1995 in
1220 1963 1357 2005 aliquid,
1382 1963 1436 2003 32,
1461 1963 1516 2004 24,

847 2009 884 2049 73
909 2009 962 2051 33,
981 2010 1034 2050 30,
1057 2010 1115 2040 1οε
1142 2009 1208 2040 wir
1224 2009 1330 2041 haben
1354 2019 1415 2040 uns
1440 2018 1517 2040 nur

847 2054 901 2087 fiir
915 2066 974 2086 uns
989 2055 1050 2086 mit
1064 2064 1204 2086 unserer
1217 2054 1343 2087 Person
1356 2054 1517 2086 verbind-

847 2100 914 2132 lich
939 2101 1101 2141 gemacht,
1129 2100 1223 2132 nicht
1246 2099 1300 2132 fiir
1322 2101 1383 2132 den
1401 2099 1516 2140 Staat3

847 2147 931 2178 auch
948 2147 1087 2178 wurden
1106 2146 1140 2178 in
1158 2146 1218 2177 der
1233 2146 1368 2188 sponsio
1384 2156 1445 2176 nur
1462 2145 1518 2176 die

847 2191 972 2223 Namen
997 2192 1058 2224 der
1083 2191 1333 2234 Spondirenden
1359 2196 1518 2233 genannt,

848 2237 879 2268 in
914 2238 985 2269 dem
1020 2236 1136 2269 foedus
1170 2237 1253 2268 auch
1282 2237 1335 2268 die
1364 2236 1518 2269 dasselbe

849 2283 1101 2315 schliessenden
1122 2283 1261 2323 Vo'lker,
1292 2293 1317 2314 s.
1341 2284 1372 2325 1,
1397 2282 1452 2322 24,
1475 2281 1516 2320 73

849 2328 983 2360 Andere
1002 2329 1148 2370 dagegen
1167 2328 1351 2360 verbinden
1372 2330 1407 2360 in
1424 2326 1461 2358 z'd
1475 2345 1516 2349 ——

849 2376 982 2406 animos
1009 2375 1070 2406 mit
1097 2375 1255 2405 saeviant.
1287 2392 1330 2396 —
1358 2375 1392 2405 in
1420 2372 1517 2413 diem,

850 2419 909 2451 auf
924 2420 995 2452 eine
1021 2419 1235 2460 (bestimmte)
1253 2418 1358 2459 Frist,
1385 2418 1405 2460 ξ
1426 2418 1453 2449 1.
1475 2434 1517 2439 -α

850 2464 1046 2507 differatur,
1075 2475 1116 2496 zu
1139 2464 1358 2497 verschieben
1389 2463 1447 2494 sei.
1475 2480 1516 2484 *Α

850 2510 991 2542 luendae
1017 2522 1079 2554 sp„
1108 2521 1160 2542 um
1185 2510 1234 2542 sie
1258 2508 1465 2547 aufzuliisen,
1488 2518 1514 2538 6.

851 2557 905 2598 45,
928 2556 976 2589 18.
1009 2576 1051 2579 -—
1071 2557 1248 2598 seramus,
1266 2555 1339 2594 (den
1358 2553 1517 2593 Feinden)

852 2602 1064 2644 darbringen,
1084 2602 1136 2642 10,
1156 2601 1205 2639 19,
1225 2600 1253 2631 8.
1271 2619 1312 2622 -
1327 2599 1517 2640 liberemus,

1194 2657 1234 2689 19

1536 327 1578 359 14

1535 500 1574 531 15

1540 674 1578 707 16

1538 842 1576 874 17

1540 953 1579 987 18

1540 1125 1580 1160 19

1542 1290 1594 1327 10
