<?xml version="1.0" encoding="UTF-8"?>
<!DOCTYPE html PUBLIC "-//W3C//DTD XHTML 1.0 Transitional//EN"
    "http://www.w3.org/TR/xhtml1/DTD/xhtml1-transitional.dtd">
<html xmlns="http://www.w3.org/1999/xhtml" xml:lang="en" lang="en">
 <head>
  <title>
</title>
<meta http-equiv="Content-Type" content="text/html;charset=utf-8" />
  <meta name='ocr-system' content='tesseract 3.04.00' />
  <meta name='ocr-capabilities' content='ocr_page ocr_carea ocr_par ocr_line ocrx_word'/>
</head>
<body>
  <div class='ocr_page' id='page_1' title='image "./aburbeconditalib0304livyuoft_0250.png"; bbox 0 0 1763 2983; ppageno 0'>
   <div class='ocr_carea' id='block_1_1' title="bbox 141 274 175 305">
    <p class='ocr_par' dir='ltr' id='par_1_1' title="bbox 141 274 175 305">
     <span class='ocr_line' id='line_1_1' title="bbox 141 274 175 305; baseline 0 0"><span class='ocrx_word' id='word_1_1' title='bbox 141 274 175 305; x_wconf 82' lang='lat'>12</span> 
     </span>
    </p>
   </div>
   <div class='ocr_carea' id='block_1_2' title="bbox 125 443 173 480">
    <p class='ocr_par' dir='ltr' id='par_1_2' title="bbox 125 443 173 480">
     <span class='ocr_line' id='line_1_2' title="bbox 125 443 173 480; baseline -0.021 0"><span class='ocrx_word' id='word_1_2' title='bbox 125 443 173 480; x_wconf 72' lang='lat'>21</span> 
     </span>
    </p>
   </div>
   <div class='ocr_carea' id='block_1_3' title="bbox 158 671 175 702">
    <p class='ocr_par' dir='ltr' id='par_1_3' title="bbox 158 671 175 702">
     <span class='ocr_line' id='line_1_3' title="bbox 158 671 175 702; textangle 90"><span class='ocrx_word' id='word_1_3' title='bbox 158 671 175 702; x_wconf 61' lang='lat' dir='ltr'>DQ</span> 
     </span>
    </p>
   </div>
   <div class='ocr_carea' id='block_1_4' title="bbox 157 847 175 877">
    <p class='ocr_par' dir='ltr' id='par_1_4' title="bbox 157 847 175 877">
     <span class='ocr_line' id='line_1_4' title="bbox 157 847 175 877; baseline 0 0"><span class='ocrx_word' id='word_1_4' title='bbox 157 847 175 877; x_wconf 78' lang='lat'>3</span> 
     </span>
    </p>
   </div>
   <div class='ocr_carea' id='block_1_5' title="bbox 157 961 176 992">
    <p class='ocr_par' dir='ltr' id='par_1_5' title="bbox 157 961 176 992">
     <span class='ocr_line' id='line_1_5' title="bbox 157 961 176 992; baseline 0 0"><span class='ocrx_word' id='word_1_5' title='bbox 157 961 176 992; x_wconf 74' lang='lat'><em>4</em></span> 
     </span>
    </p>
   </div>
   <div class='ocr_carea' id='block_1_6' title="bbox 669 160 1618 195">
    <p class='ocr_par' dir='ltr' id='par_1_6' title="bbox 669 160 1618 195">
     <span class='ocr_line' id='line_1_6' title="bbox 669 160 1618 195; baseline -0.007 0"><span class='ocrx_word' id='word_1_6' title='bbox 669 161 792 195; x_wconf 81' lang='lat' dir='ltr'>LlBER</span> <span class='ocrx_word' id='word_1_7' title='bbox 818 160 900 195; x_wconf 80' lang='lat' dir='ltr'>Vlll.</span> <span class='ocrx_word' id='word_1_8' title='bbox 1383 170 1408 189; x_wconf 67' lang='lat' dir='ltr'>a.</span> <span class='ocrx_word' id='word_1_9' title='bbox 1429 170 1456 188; x_wconf 83' lang='lat' dir='ltr'>u.</span> <span class='ocrx_word' id='word_1_10' title='bbox 1476 161 1537 189; x_wconf 69' lang='lat'>425.</span> <span class='ocrx_word' id='word_1_11' title='bbox 1558 161 1618 189; x_wconf 72' lang='lat'>426.</span> 
     </span>
    </p>
   </div>
   <div class='ocr_carea' id='block_1_7' title="bbox 954 162 1200 195">
    <p class='ocr_par' dir='ltr' id='par_1_7' title="bbox 954 162 1200 195">
     <span class='ocr_line' id='line_1_7' title="bbox 954 162 1200 195; baseline 0 0"><span class='ocrx_word' id='word_1_12' title='bbox 954 162 1047 195; x_wconf 83' lang='lat' dir='ltr'><strong>CAP.</strong></span> <span class='ocrx_word' id='word_1_13' title='bbox 1076 163 1127 195; x_wconf 85' lang='lat'>20.</span> <span class='ocrx_word' id='word_1_14' title='bbox 1148 162 1200 195; x_wconf 82' lang='lat'>21.</span> 
     </span>
    </p>
   </div>
   <div class='ocr_carea' id='block_1_8' title="bbox 202 168 282 208">
    <p class='ocr_par' dir='ltr' id='par_1_8' title="bbox 202 168 282 208">
     <span class='ocr_line' id='line_1_8' title="bbox 202 168 282 208; baseline -0.013 0"><span class='ocrx_word' id='word_1_15' title='bbox 202 168 282 208; x_wconf 86' lang='lat'>230</span> 
     </span>
    </p>
   </div>
   <div class='ocr_carea' id='block_1_9' title="bbox 202 264 1626 1112">
    <p class='ocr_par' dir='ltr' id='par_1_9' title="bbox 202 264 1626 1112">
     <span class='ocr_line' id='line_1_9' title="bbox 205 264 1617 319; baseline -0.004 -10"><span class='ocrx_word' id='word_1_16' title='bbox 205 268 320 309; x_wconf 81' lang='lat' dir='ltr'>fieri?</span> <span class='ocrx_word' id='word_1_17' title='bbox 342 268 541 319; x_wconf 80' lang='lat' dir='ltr'>equidem</span> <span class='ocrx_word' id='word_1_18' title='bbox 574 266 646 305; x_wconf 80' lang='lat' dir='ltr'>etsi</span> <span class='ocrx_word' id='word_1_19' title='bbox 677 277 788 304; x_wconf 89' lang='lat' dir='ltr'>meae</span> <span class='ocrx_word' id='word_1_20' title='bbox 809 271 942 316; x_wconf 84' lang='lat' dir='ltr'>partes</span> <span class='ocrx_word' id='word_1_21' title='bbox 965 266 1226 317; x_wconf 76' lang='lat' dir='ltr'>exquirendae</span> <span class='ocrx_word' id='word_1_22' title='bbox 1247 265 1368 317; x_wconf 79' lang='lat' dir='ltr'>magis</span> <span class='ocrx_word' id='word_1_23' title='bbox 1399 264 1617 304; x_wconf 84' lang='lat' dir='ltr'>sententiae</span> 
     </span>
     <span class='ocr_line' id='line_1_10' title="bbox 202 321 1619 379; baseline -0.004 -13"><span class='ocrx_word' id='word_1_24' title='bbox 202 338 319 379; x_wconf 88' lang='lat' dir='ltr'>quam</span> <span class='ocrx_word' id='word_1_25' title='bbox 341 325 490 365; x_wconf 85' lang='lat' dir='ltr'>dandae</span> <span class='ocrx_word' id='word_1_26' title='bbox 507 329 611 370; x_wconf 84' lang='lat' dir='ltr'>sunt,</span> <span class='ocrx_word' id='word_1_27' title='bbox 635 328 777 370; x_wconf 82' lang='lat' dir='ltr'>tamen,</span> <span class='ocrx_word' id='word_1_28' title='bbox 801 334 889 362; x_wconf 83' lang='lat' dir='ltr'>eum</span> <span class='ocrx_word' id='word_1_29' title='bbox 908 323 1057 362; x_wconf 86' lang='lat' dir='ltr'>videam</span> <span class='ocrx_word' id='word_1_30' title='bbox 1076 322 1320 361; x_wconf 83' lang='lat' dir='ltr'>Privernates</span> <span class='ocrx_word' id='word_1_31' title='bbox 1338 321 1487 361; x_wconf 81' lang='lat' dir='ltr'>vicinos</span> <span class='ocrx_word' id='word_1_32' title='bbox 1505 321 1619 361; x_wconf 82' lang='lat' dir='ltr'>Sam·</span> 
     </span>
     <span class='ocr_line' id='line_1_11' title="bbox 202 377 1619 441; baseline -0.004 -19"><span class='ocrx_word' id='word_1_33' title='bbox 202 382 350 423; x_wconf 85' lang='lat' dir='ltr'>nitibus</span> <span class='ocrx_word' id='word_1_34' title='bbox 373 394 478 428; x_wconf 88' lang='lat' dir='ltr'>esse,</span> <span class='ocrx_word' id='word_1_35' title='bbox 501 380 606 420; x_wconf 89' lang='lat' dir='ltr'>unde</span> <span class='ocrx_word' id='word_1_36' title='bbox 629 391 734 420; x_wconf 88' lang='lat' dir='ltr'>nunc</span> <span class='ocrx_word' id='word_1_37' title='bbox 755 379 868 418; x_wconf 88' lang='lat' dir='ltr'>nobis</span> <span class='ocrx_word' id='word_1_38' title='bbox 890 379 1145 419; x_wconf 87' lang='lat' dir='ltr'>incertissima</span> <span class='ocrx_word' id='word_1_39' title='bbox 1168 391 1240 430; x_wconf 85' lang='lat' dir='ltr'>pax</span> <span class='ocrx_word' id='word_1_40' title='bbox 1263 385 1340 425; x_wconf 89' lang='lat' dir='ltr'>est,</span> <span class='ocrx_word' id='word_1_41' title='bbox 1363 390 1481 441; x_wconf 85' lang='lat' dir='ltr'>quam</span> <span class='ocrx_word' id='word_1_42' title='bbox 1502 377 1619 417; x_wconf 92' lang='lat' dir='ltr'>mini-</span> 
     </span>
     <span class='ocr_line' id='line_1_12' title="bbox 206 431 1621 488; baseline -0.004 -9"><span class='ocrx_word' id='word_1_43' title='bbox 206 451 316 480; x_wconf 91' lang='lat' dir='ltr'>mum</span> <span class='ocrx_word' id='word_1_44' title='bbox 345 438 492 478; x_wconf 86' lang='lat' dir='ltr'>irarum</span> <span class='ocrx_word' id='word_1_45' title='bbox 522 437 622 476; x_wconf 86' lang='lat' dir='ltr'>inter</span> <span class='ocrx_word' id='word_1_46' title='bbox 643 431 724 476; x_wconf 81' lang='lat' dir='ltr'>‘nos</span> <span class='ocrx_word' id='word_1_47' title='bbox 753 436 915 488; x_wconf 85' lang='lat' dir='ltr'>illosque</span> <span class='ocrx_word' id='word_1_48' title='bbox 937 436 1104 487; x_wconf 85' lang='lat' dir='ltr'>relinqui</span> <span class='ocrx_word' id='word_1_49' title='bbox 1125 435 1253 474; x_wconf 88' lang='lat' dir='ltr'>velim.</span> <span class='ocrx_word' id='word_1_50' title='bbox 1259 438 1280 455; x_wconf 86' lang='lat'>“</span> <span class='ocrx_word' id='word_1_51' title='bbox 1320 435 1416 474; x_wconf 87' lang='lat' dir='ltr'>Cum</span> <span class='ocrx_word' id='word_1_52' title='bbox 1446 435 1529 486; x_wconf 88' lang='lat' dir='ltr'>ipsa</span> <span class='ocrx_word' id='word_1_53' title='bbox 1551 446 1621 486; x_wconf 85' lang='lat' dir='ltr'>per</span> 
     </span>
     <span class='ocr_line' id='line_1_13' title="bbox 206 490 1621 546; baseline -0.004 -10"><span class='ocrx_word' id='word_1_54' title='bbox 206 509 291 536; x_wconf 87' lang='lat' dir='ltr'>sese</span> <span class='ocrx_word' id='word_1_55' title='bbox 312 508 375 535; x_wconf 87' lang='lat' dir='ltr'>res</span> <span class='ocrx_word' id='word_1_56' title='bbox 396 506 539 546; x_wconf 84' lang='lat' dir='ltr'>anceps</span> <span class='ocrx_word' id='word_1_57' title='bbox 561 500 675 541; x_wconf 88' lang='lat' dir='ltr'>esset,</span> <span class='ocrx_word' id='word_1_58' title='bbox 697 498 814 545; x_wconf 86' lang='lat' dir='ltr'>prout</span> <span class='ocrx_word' id='word_1_59' title='bbox 835 492 1050 544; x_wconf 81' lang='lat' dir='ltr'>cuiusque</span> <span class='ocrx_word' id='word_1_60' title='bbox 1042 492 1239 543; x_wconf 83' lang='lat' dir='ltr'>ingenium</span> <span class='ocrx_word' id='word_1_61' title='bbox 1259 496 1339 531; x_wconf 85' lang='lat' dir='ltr'>erat</span> <span class='ocrx_word' id='word_1_62' title='bbox 1356 491 1525 531; x_wconf 85' lang='lat' dir='ltr'>atrocius</span> <span class='ocrx_word' id='word_1_63' title='bbox 1547 490 1621 530; x_wconf 89' lang='lat' dir='ltr'>mi-</span> 
     </span>
     <span class='ocr_line' id='line_1_14' title="bbox 205 547 1621 597; baseline -0.004 -4"><span class='ocrx_word' id='word_1_64' title='bbox 205 553 333 593; x_wconf 87' lang='lat' dir='ltr'>tiusve</span> <span class='ocrx_word' id='word_1_65' title='bbox 355 550 625 597; x_wconf 79' lang='lat' dir='ltr'>suadentibus,</span> <span class='ocrx_word' id='word_1_66' title='bbox 647 556 731 589; x_wconf 88' lang='lat' dir='ltr'>tum</span> <span class='ocrx_word' id='word_1_67' title='bbox 756 550 962 589; x_wconf 74' lang='lat' dir='ltr'>incertiora</span> <span class='ocrx_word' id='word_1_68' title='bbox 985 549 1116 588; x_wconf 86' lang='lat' dir='ltr'>omnia</span> <span class='ocrx_word' id='word_1_69' title='bbox 1138 560 1241 588; x_wconf 84' lang='lat' dir='ltr'>unus</span> <span class='ocrx_word' id='word_1_70' title='bbox 1262 561 1307 588; x_wconf 86' lang='lat' dir='ltr'>ex</span> <span class='ocrx_word' id='word_1_71' title='bbox 1329 547 1621 588; x_wconf 84' lang='lat' dir='ltr'>Privernatibus</span> 
     </span>
     <span class='ocr_line' id='line_1_15' title="bbox 206 607 1623 662; baseline -0.004 -13"><span class='ocrx_word' id='word_1_72' title='bbox 206 610 340 662; x_wconf 81' lang='lat' dir='ltr'>legatis</span> <span class='ocrx_word' id='word_1_73' title='bbox 362 608 472 656; x_wconf 82' lang='lat' dir='ltr'>fecit,</span> <span class='ocrx_word' id='word_1_74' title='bbox 503 607 624 659; x_wconf 78' lang='lat' dir='ltr'>magis</span> <span class='ocrx_word' id='word_1_75' title='bbox 647 607 907 652; x_wconf 70' lang='lat' dir='ltr'>condicionis,</span> <span class='ocrx_word' id='word_1_76' title='bbox 933 607 970 644; x_wconf 93' lang='lat' dir='ltr'>in</span> <span class='ocrx_word' id='word_1_77' title='bbox 994 619 1067 657; x_wconf 80' lang='lat' dir='ltr'>qua</span> <span class='ocrx_word' id='word_1_78' title='bbox 1091 610 1206 645; x_wconf 88' lang='lat' dir='ltr'>natus</span> <span class='ocrx_word' id='word_1_79' title='bbox 1228 611 1345 652; x_wconf 84' lang='lat' dir='ltr'>esset,</span> <span class='ocrx_word' id='word_1_80' title='bbox 1372 617 1488 656; x_wconf 85' lang='lat' dir='ltr'>quam</span> <span class='ocrx_word' id='word_1_81' title='bbox 1509 617 1623 656; x_wconf 87' lang='lat' dir='ltr'>prae-</span> 
     </span>
     <span class='ocr_line' id='line_1_16' title="bbox 207 661 1622 714; baseline -0.004 -8"><span class='ocrx_word' id='word_1_82' title='bbox 207 667 330 707; x_wconf 87' lang='lat' dir='ltr'>sentis</span> <span class='ocrx_word' id='word_1_83' title='bbox 352 665 599 705; x_wconf 76' lang='lat' dir='ltr'>necessitatis</span> <span class='ocrx_word' id='word_1_84' title='bbox 622 676 792 710; x_wconf 86' lang='lat' dir='ltr'>memor,</span> <span class='ocrx_word' id='word_1_85' title='bbox 824 663 887 714; x_wconf 80' lang='lat' dir='ltr'>qui</span> <span class='ocrx_word' id='word_1_86' title='bbox 910 663 1173 713; x_wconf 76' lang='lat' dir='ltr'>intellegatus</span> <span class='ocrx_word' id='word_1_87' title='bbox 1203 675 1221 701; x_wconf 87' lang='lat' dir='ltr'>a</span> <span class='ocrx_word' id='word_1_88' title='bbox 1245 663 1413 714; x_wconf 82' lang='lat' dir='ltr'>quodam</span> <span class='ocrx_word' id='word_1_89' title='bbox 1438 661 1622 701; x_wconf 83' lang='lat' dir='ltr'>tristioris</span> 
     </span>
     <span class='ocr_line' id='line_1_17' title="bbox 205 719 1621 772; baseline -0.002 -11.998"><span class='ocrx_word' id='word_1_90' title='bbox 205 723 421 764; x_wconf 81' lang='lat' dir='ltr'>sententiae</span> <span class='ocrx_word' id='word_1_91' title='bbox 452 727 609 761; x_wconf 75' lang='lat' dir='ltr'>auetme</span> <span class='ocrx_word' id='word_1_92' title='bbox 651 733 767 772; x_wconf 78' lang='lat' dir='ltr'>quam</span> <span class='ocrx_word' id='word_1_93' title='bbox 792 732 957 771; x_wconf 88' lang='lat' dir='ltr'>poenam</span> <span class='ocrx_word' id='word_1_94' title='bbox 989 719 1147 758; x_wconf 87' lang='lat' dir='ltr'>meritos</span> <span class='ocrx_word' id='word_1_95' title='bbox 1169 719 1413 758; x_wconf 81' lang='lat' dir='ltr'>Privelnates</span> <span class='ocrx_word' id='word_1_96' title='bbox 1436 724 1621 765; x_wconf 79' lang='lat' dir='ltr'>censeret,</span> 
     </span>
     <span class='ocr_line' id='line_1_18' title="bbox 204 776 1623 832; baseline -0.005 -11"><span class='ocrx_word' id='word_1_97' title='bbox 204 784 341 823; x_wconf 77' lang='lat' dir='ltr'>.,eam“</span> <span class='ocrx_word' id='word_1_98' title='bbox 365 780 506 832; x_wconf 86' lang='lat' dir='ltr'>inquit,</span> <span class='ocrx_word' id='word_1_99' title='bbox 532 788 674 830; x_wconf 85' lang='lat' dir='ltr'>„quam</span> <span class='ocrx_word' id='word_1_100' title='bbox 694 782 908 823; x_wconf 88' lang='lat' dir='ltr'>merentur,</span> <span class='ocrx_word' id='word_1_101' title='bbox 929 776 994 828; x_wconf 85' lang='lat' dir='ltr'>qui</span> <span class='ocrx_word' id='word_1_102' title='bbox 1012 790 1053 815; x_wconf 79' lang='lat' dir='ltr'>se</span> <span class='ocrx_word' id='word_1_103' title='bbox 1071 776 1248 816; x_wconf 81' lang='lat' dir='ltr'>libertate</span> <span class='ocrx_word' id='word_1_104' title='bbox 1267 777 1404 828; x_wconf 84' lang='lat' dir='ltr'>dignos</span> <span class='ocrx_word' id='word_1_105' title='bbox 1423 779 1623 815; x_wconf 83' lang='lat' dir='ltr'>censent.“</span> 
     </span>
     <span class='ocr_line' id='line_1_19' title="bbox 206 833 1623 886; baseline -0.005 -8"><span class='ocrx_word' id='word_1_106' title='bbox 206 838 317 878; x_wconf 79' lang='lat' dir='ltr'>cuius</span> <span class='ocrx_word' id='word_1_107' title='bbox 339 849 426 876; x_wconf 79' lang='lat' dir='ltr'>euin</span> <span class='ocrx_word' id='word_1_108' title='bbox 450 836 569 876; x_wconf 53' lang='lat' dir='ltr'>serviti</span> <span class='ocrx_word' id='word_1_109' title='bbox 590 846 779 886; x_wconf 82' lang='lat' dir='ltr'>iesponso</span> <span class='ocrx_word' id='word_1_110' title='bbox 803 834 1026 873; x_wconf 84' lang='lat' dir='ltr'>infesti01es</span> <span class='ocrx_word' id='word_1_111' title='bbox 1056 833 1176 873; x_wconf 85' lang='lat' dir='ltr'>factos</span> <span class='ocrx_word' id='word_1_112' title='bbox 1199 833 1306 872; x_wconf 81' lang='lat' dir='ltr'>videi</span> <span class='ocrx_word' id='word_1_113' title='bbox 1309 838 1346 873; x_wconf 89' lang='lat' dir='ltr'>et</span> <span class='ocrx_word' id='word_1_114' title='bbox 1375 833 1513 873; x_wconf 83' lang='lat' dir='ltr'>consul</span> <span class='ocrx_word' id='word_1_115' title='bbox 1543 845 1623 875; x_wconf 91' lang='lat' dir='ltr'>eos</span> 
     </span>
     <span class='ocr_line' id='line_1_20' title="bbox 205 888 1623 947; baseline -0.004 -13"><span class='ocrx_word' id='word_1_116' title='bbox 205 895 268 947; x_wconf 90' lang='lat' dir='ltr'>qui</span> <span class='ocrx_word' id='word_1_117' title='bbox 286 899 375 933; x_wconf 83' lang='lat' dir='ltr'>ante</span> <span class='ocrx_word' id='word_1_118' title='bbox 387 892 672 933; x_wconf 84' lang='lat' dir='ltr'>Privernatium</span> <span class='ocrx_word' id='word_1_119' title='bbox 691 903 847 930; x_wconf 85' lang='lat' dir='ltr'>eausam</span> <span class='ocrx_word' id='word_1_120' title='bbox 866 890 1146 942; x_wconf 79' lang='lat' dir='ltr'>inpugnabant,</span> <span class='ocrx_word' id='word_1_121' title='bbox 1165 896 1208 930; x_wconf 88' lang='lat' dir='ltr'>ut</span> <span class='ocrx_word' id='word_1_122' title='bbox 1224 891 1307 942; x_wconf 85' lang='lat' dir='ltr'>ipse</span> <span class='ocrx_word' id='word_1_123' title='bbox 1324 890 1491 941; x_wconf 80' lang='lat' dir='ltr'>benigna</span> <span class='ocrx_word' id='word_1_124' title='bbox 1502 888 1623 928; x_wconf 88' lang='lat' dir='ltr'>mter-</span> 
     </span>
     <span class='ocr_line' id='line_1_21' title="bbox 205 946 1626 1004; baseline -0.005 -13"><span class='ocrx_word' id='word_1_125' title='bbox 205 951 406 1004; x_wconf 82' lang='lat' dir='ltr'>rogatione</span> <span class='ocrx_word' id='word_1_126' title='bbox 430 950 564 989; x_wconf 83' lang='lat' dir='ltr'>mitius</span> <span class='ocrx_word' id='word_1_127' title='bbox 587 960 818 1000; x_wconf 81' lang='lat' dir='ltr'>iesponsum</span> <span class='ocrx_word' id='word_1_128' title='bbox 843 948 1015 986; x_wconf 86' lang='lat' dir='ltr'>eliceret:</span> <span class='ocrx_word' id='word_1_129' title='bbox 1050 948 1191 999; x_wconf 77' lang='lat' dir='ltr'>„‹1ui‹l,</span> <span class='ocrx_word' id='word_1_130' title='bbox 1225 948 1256 987; x_wconf 88' lang='lat' dir='ltr'>si</span> <span class='ocrx_word' id='word_1_131' title='bbox 1283 950 1478 999; x_wconf 82' lang='lat' dir='ltr'>poenam“</span> <span class='ocrx_word' id='word_1_132' title='bbox 1500 946 1626 998; x_wconf 89' lang='lat' dir='ltr'>inquit</span> 
     </span>
     <span class='ocr_line' id='line_1_22' title="bbox 209 1004 1625 1057; baseline -0.004 -10"><span class='ocrx_word' id='word_1_133' title='bbox 209 1008 475 1057; x_wconf 86' lang='lat' dir='ltr'>„remittimus</span> <span class='ocrx_word' id='word_1_134' title='bbox 492 1005 614 1048; x_wconf 76' lang='lat' dir='ltr'>vobis,</span> <span class='ocrx_word' id='word_1_135' title='bbox 638 1005 790 1057; x_wconf 84' lang='lat' dir='ltr'>qualem</span> <span class='ocrx_word' id='word_1_136' title='bbox 814 1016 887 1043; x_wconf 87' lang='lat' dir='ltr'>nos</span> <span class='ocrx_word' id='word_1_137' title='bbox 904 1017 1037 1056; x_wconf 83' lang='lat' dir='ltr'>pacem</span> <span class='ocrx_word' id='word_1_138' title='bbox 1056 1004 1254 1043; x_wconf 80' lang='lat' dir='ltr'>vobiscum</span> <span class='ocrx_word' id='word_1_139' title='bbox 1274 1004 1476 1044; x_wconf 86' lang='lat' dir='ltr'>habituros</span> <span class='ocrx_word' id='word_1_140' title='bbox 1493 1015 1625 1055; x_wconf 90' lang='lat' dir='ltr'>spere-</span> 
     </span>
     <span class='ocr_line' id='line_1_23' title="bbox 208 1059 1626 1112; baseline -0.005 -7"><span class='ocrx_word' id='word_1_141' title='bbox 208 1078 295 1105; x_wconf 86' lang='lat' dir='ltr'>mus</span> <span class='ocrx_word' id='word_1_142' title='bbox 308 1062 352 1103; x_wconf 78' lang='lat'>?“</span> <span class='ocrx_word' id='word_1_143' title='bbox 377 1064 437 1112; x_wconf 88' lang='lat' dir='ltr'>„si</span> <span class='ocrx_word' id='word_1_144' title='bbox 458 1063 600 1102; x_wconf 82' lang='lat' dir='ltr'>bonam</span> <span class='ocrx_word' id='word_1_145' title='bbox 624 1062 836 1101; x_wconf 86' lang='lat' dir='ltr'>dederitis“</span> <span class='ocrx_word' id='word_1_146' title='bbox 859 1061 1004 1112; x_wconf 82' lang='lat' dir='ltr'>inquit,</span> <span class='ocrx_word' id='word_1_147' title='bbox 1028 1066 1094 1107; x_wconf 85' lang='lat' dir='ltr'>„et</span> <span class='ocrx_word' id='word_1_148' title='bbox 1116 1061 1231 1100; x_wconf 84' lang='lat' dir='ltr'>fidam</span> <span class='ocrx_word' id='word_1_149' title='bbox 1254 1066 1293 1101; x_wconf 87' lang='lat' dir='ltr'>et</span> <span class='ocrx_word' id='word_1_150' title='bbox 1310 1065 1561 1112; x_wconf 71' lang='lat' dir='ltr'>perpetuam,</span> <span class='ocrx_word' id='word_1_151' title='bbox 1594 1059 1626 1098; x_wconf 91' lang='lat' dir='ltr'>si</span> 
     </span>
    </p>
   </div>
   <div class='ocr_carea' id='block_1_10' title="bbox 161 1116 1628 1228">
    <p class='ocr_par' dir='ltr' id='par_1_10' title="bbox 161 1116 1628 1228">
     <span class='ocr_line' id='line_1_24' title="bbox 161 1116 1625 1168; baseline -0.002 -9"><span class='ocrx_word' id='word_1_152' title='bbox 161 1129 178 1159; x_wconf 75' lang='lat'>5</span> <span class='ocrx_word' id='word_1_153' title='bbox 211 1122 371 1168; x_wconf 84' lang='lat' dir='ltr'>malam,</span> <span class='ocrx_word' id='word_1_154' title='bbox 404 1120 507 1160; x_wconf 86' lang='lat' dir='ltr'>haud</span> <span class='ocrx_word' id='word_1_155' title='bbox 538 1119 803 1158; x_wconf 82' lang='lat' dir='ltr'>diuturnam.“</span> <span class='ocrx_word' id='word_1_156' title='bbox 855 1123 939 1157; x_wconf 89' lang='lat' dir='ltr'>tum</span> <span class='ocrx_word' id='word_1_157' title='bbox 963 1129 1053 1157; x_wconf 90' lang='lat' dir='ltr'>vero</span> <span class='ocrx_word' id='word_1_158' title='bbox 1076 1118 1234 1165; x_wconf 84' lang='lat' dir='ltr'>minari,</span> <span class='ocrx_word' id='word_1_159' title='bbox 1265 1129 1339 1157; x_wconf 84' lang='lat' dir='ltr'>nee</span> <span class='ocrx_word' id='word_1_160' title='bbox 1366 1118 1404 1156; x_wconf 83' lang='lat' dir='ltr'>id</span> <span class='ocrx_word' id='word_1_161' title='bbox 1435 1116 1625 1168; x_wconf 80' lang='lat' dir='ltr'>ambigue,</span> 
     </span>
     <span class='ocr_line' id='line_1_25' title="bbox 161 1173 1628 1228; baseline -0.004 -10"><span class='ocrx_word' id='word_1_162' title='bbox 161 1184 165 1209; x_wconf 79' lang='grc' dir='ltr'>ἱ</span> <span class='ocrx_word' id='word_1_163' title='bbox 209 1179 477 1218; x_wconf 87' lang='lat' dir='ltr'>Privernatem</span> <span class='ocrx_word' id='word_1_164' title='bbox 501 1176 672 1228; x_wconf 84' lang='lat' dir='ltr'>quidam,</span> <span class='ocrx_word' id='word_1_165' title='bbox 697 1180 735 1214; x_wconf 89' lang='lat' dir='ltr'>et</span> <span class='ocrx_word' id='word_1_166' title='bbox 756 1174 826 1213; x_wconf 92' lang='lat' dir='ltr'>illis</span> <span class='ocrx_word' id='word_1_167' title='bbox 848 1174 1007 1214; x_wconf 88' lang='lat' dir='ltr'>vocibus</span> <span class='ocrx_word' id='word_1_168' title='bbox 1028 1174 1073 1213; x_wconf 80' lang='lat' dir='ltr'>ad</span> <span class='ocrx_word' id='word_1_169' title='bbox 1094 1173 1365 1214; x_wconf 84' lang='lat' dir='ltr'>rebellandum</span> <span class='ocrx_word' id='word_1_170' title='bbox 1387 1173 1539 1213; x_wconf 85' lang='lat' dir='ltr'>incitari</span> <span class='ocrx_word' id='word_1_171' title='bbox 1559 1185 1628 1225; x_wconf 84' lang='lat' dir='ltr'>pa-</span> 
     </span>
    </p>
   </div>
   <div class='ocr_carea' id='block_1_11' title="bbox 161 1242 180 1273">
    <p class='ocr_par' dir='ltr' id='par_1_11' title="bbox 161 1242 180 1273">
     <span class='ocr_line' id='line_1_26' title="bbox 161 1242 180 1273; baseline 0 0"><span class='ocrx_word' id='word_1_172' title='bbox 161 1242 180 1273; x_wconf 98' lang='grc'>6</span> 
     </span>
    </p>
   </div>
   <div class='ocr_carea' id='block_1_12' title="bbox 163 1416 178 1446">
    <p class='ocr_par' dir='ltr' id='par_1_12' title="bbox 163 1416 178 1446">
     <span class='ocr_line' id='line_1_27' title="bbox 163 1416 178 1446; baseline 0 0"><span class='ocrx_word' id='word_1_173' title='bbox 163 1416 178 1446; x_wconf 83' lang='grc'>7</span> 
     </span>
    </p>
   </div>
   <div class='ocr_carea' id='block_1_13' title="bbox 162 1523 180 1554">
    <p class='ocr_par' dir='ltr' id='par_1_13' title="bbox 162 1523 180 1554">
     <span class='ocr_line' id='line_1_28' title="bbox 162 1523 180 1554; baseline 0 0"><span class='ocrx_word' id='word_1_174' title='bbox 162 1523 180 1554; x_wconf 79' lang='grc'>8</span> 
     </span>
    </p>
   </div>
   <div class='ocr_carea' id='block_1_14' title="bbox 206 1230 1633 1626">
    <p class='ocr_par' dir='ltr' id='par_1_14' title="bbox 206 1230 1633 1626">
     <span class='ocr_line' id='line_1_29' title="bbox 209 1230 1627 1286; baseline -0.003 -12"><span class='ocrx_word' id='word_1_175' title='bbox 209 1240 316 1275; x_wconf 87' lang='lat' dir='ltr'>catos</span> <span class='ocrx_word' id='word_1_176' title='bbox 334 1234 519 1286; x_wconf 61' lang='lat' dir='ltr'>populos,</span> <span class='ocrx_word' id='word_1_177' title='bbox 548 1245 638 1284; x_wconf 87' lang='lat' dir='ltr'>pars</span> <span class='ocrx_word' id='word_1_178' title='bbox 660 1232 794 1271; x_wconf 82' lang='lat' dir='ltr'>mitior</span> <span class='ocrx_word' id='word_1_179' title='bbox 815 1237 975 1271; x_wconf 80' lang='lat' dir='ltr'>senatus</span> <span class='ocrx_word' id='word_1_180' title='bbox 998 1232 1045 1270; x_wconf 81' lang='lat' dir='ltr'>ad</span> <span class='ocrx_word' id='word_1_181' title='bbox 1068 1231 1227 1270; x_wconf 81' lang='lat' dir='ltr'>meliora</span> <span class='ocrx_word' id='word_1_182' title='bbox 1255 1242 1445 1282; x_wconf 85' lang='lat' dir='ltr'>responsa</span> <span class='ocrx_word' id='word_1_183' title='bbox 1473 1230 1627 1270; x_wconf 80' lang='lat' dir='ltr'>trahere</span> 
     </span>
     <span class='ocr_line' id='line_1_30' title="bbox 207 1287 1628 1351; baseline -0.004 -20"><span class='ocrx_word' id='word_1_184' title='bbox 207 1297 246 1331; x_wconf 87' lang='lat' dir='ltr'>et</span> <span class='ocrx_word' id='word_1_185' title='bbox 267 1291 393 1331; x_wconf 85' lang='lat' dir='ltr'>dicere</span> <span class='ocrx_word' id='word_1_186' title='bbox 416 1290 487 1329; x_wconf 88' lang='lat' dir='ltr'>viri</span> <span class='ocrx_word' id='word_1_187' title='bbox 510 1297 548 1328; x_wconf 90' lang='lat' dir='ltr'>et</span> <span class='ocrx_word' id='word_1_188' title='bbox 568 1289 682 1328; x_wconf 90' lang='lat' dir='ltr'>liberi</span> <span class='ocrx_word' id='word_1_189' title='bbox 701 1301 835 1327; x_wconf 84' lang='lat' dir='ltr'>vocem</span> <span class='ocrx_word' id='word_1_190' title='bbox 859 1288 1049 1327; x_wconf 81' lang='lat' dir='ltr'>auditam:</span> <span class='ocrx_word' id='word_1_191' title='bbox 1082 1299 1130 1327; x_wconf 87' lang='lat' dir='ltr'>an</span> <span class='ocrx_word' id='word_1_192' title='bbox 1153 1288 1254 1327; x_wconf 88' lang='lat' dir='ltr'>credi</span> <span class='ocrx_word' id='word_1_193' title='bbox 1276 1300 1390 1351; x_wconf 74' lang='lat' dir='ltr'>pesse</span> <span class='ocrx_word' id='word_1_194' title='bbox 1411 1287 1535 1328; x_wconf 90' lang='lat' dir='ltr'>ullum</span> <span class='ocrx_word' id='word_1_195' title='bbox 1556 1299 1628 1338; x_wconf 88' lang='lat' dir='ltr'>po-</span> 
     </span>
     <span class='ocr_line' id='line_1_31' title="bbox 206 1343 1629 1408; baseline -0.004 -20"><span class='ocrx_word' id='word_1_196' title='bbox 206 1349 352 1400; x_wconf 86' lang='lat' dir='ltr'>pulum</span> <span class='ocrx_word' id='word_1_197' title='bbox 366 1352 432 1386; x_wconf 87' lang='lat' dir='ltr'>aut</span> <span class='ocrx_word' id='word_1_198' title='bbox 452 1346 654 1385; x_wconf 85' lang='lat' dir='ltr'>hominem</span> <span class='ocrx_word' id='word_1_199' title='bbox 677 1345 846 1408; x_wconf 80' lang='lat' dir='ltr'>denique</span> <span class='ocrx_word' id='word_1_200' title='bbox 868 1345 908 1383; x_wconf 91' lang='lat' dir='ltr'>in</span> <span class='ocrx_word' id='word_1_201' title='bbox 930 1357 973 1384; x_wconf 86' lang='lat' dir='ltr'>ea</span> <span class='ocrx_word' id='word_1_202' title='bbox 989 1344 1233 1391; x_wconf 80' lang='lat' dir='ltr'>condicione,</span> <span class='ocrx_word' id='word_1_203' title='bbox 1256 1344 1366 1384; x_wconf 90' lang='lat' dir='ltr'>cuius</span> <span class='ocrx_word' id='word_1_204' title='bbox 1384 1356 1474 1383; x_wconf 90' lang='lat' dir='ltr'>eum</span> <span class='ocrx_word' id='word_1_205' title='bbox 1492 1343 1629 1396; x_wconf 87' lang='lat' dir='ltr'>paeni-</span> 
     </span>
     <span class='ocr_line' id='line_1_32' title="bbox 210 1399 1628 1454; baseline -0.003 -10"><span class='ocrx_word' id='word_1_206' title='bbox 210 1409 298 1444; x_wconf 85' lang='lat' dir='ltr'>teat.</span> <span class='ocrx_word' id='word_1_207' title='bbox 322 1404 481 1449; x_wconf 86' lang='lat' dir='ltr'>diutius,</span> <span class='ocrx_word' id='word_1_208' title='bbox 504 1415 619 1454; x_wconf 86' lang='lat' dir='ltr'>quam</span> <span class='ocrx_word' id='word_1_209' title='bbox 638 1414 797 1441; x_wconf 86' lang='lat' dir='ltr'>necesse</span> <span class='ocrx_word' id='word_1_210' title='bbox 816 1401 877 1448; x_wconf 90' lang='lat' dir='ltr'>sit,</span> <span class='ocrx_word' id='word_1_211' title='bbox 896 1399 1160 1440; x_wconf 79' lang='lat' dir='ltr'>mansurum?</span> <span class='ocrx_word' id='word_1_212' title='bbox 1180 1401 1234 1440; x_wconf 89' lang='lat' dir='ltr'>ihi</span> <span class='ocrx_word' id='word_1_213' title='bbox 1249 1414 1384 1453; x_wconf 84' lang='lat' dir='ltr'>pacem</span> <span class='ocrx_word' id='word_1_214' title='bbox 1398 1413 1481 1440; x_wconf 88' lang='lat' dir='ltr'>esse</span> <span class='ocrx_word' id='word_1_215' title='bbox 1499 1400 1628 1445; x_wconf 84' lang='lat' dir='ltr'>fidam</span> 
     </span>
     <span class='ocr_line' id='line_1_33' title="bbox 206 1457 1629 1510; baseline -0.003 -10"><span class='ocrx_word' id='word_1_216' title='bbox 206 1461 275 1502; x_wconf 85' lang='lat' dir='ltr'>ubi</span> <span class='ocrx_word' id='word_1_217' title='bbox 298 1459 506 1500; x_wconf 80' lang='lat' dir='ltr'>voluntarii</span> <span class='ocrx_word' id='word_1_218' title='bbox 527 1459 652 1510; x_wconf 81' lang='lat' dir='ltr'>pacati</span> <span class='ocrx_word' id='word_1_219' title='bbox 673 1458 766 1505; x_wconf 88' lang='lat' dir='ltr'>sint,</span> <span class='ocrx_word' id='word_1_220' title='bbox 789 1470 917 1510; x_wconf 86' lang='lat' dir='ltr'>neque</span> <span class='ocrx_word' id='word_1_221' title='bbox 939 1471 983 1497; x_wconf 86' lang='grc'>00</span> <span class='ocrx_word' id='word_1_222' title='bbox 1005 1458 1103 1506; x_wconf 83' lang='grc'>1000,</span> <span class='ocrx_word' id='word_1_223' title='bbox 1122 1458 1189 1497; x_wconf 85' lang='lat' dir='ltr'>ubi</span> <span class='ocrx_word' id='word_1_224' title='bbox 1207 1457 1435 1497; x_wconf 89' lang='lat' dir='ltr'>servitutem</span> <span class='ocrx_word' id='word_1_225' title='bbox 1455 1469 1541 1496; x_wconf 89' lang='lat' dir='ltr'>esse</span> <span class='ocrx_word' id='word_1_226' title='bbox 1562 1469 1629 1495; x_wconf 88' lang='lat' dir='ltr'>ve-</span> 
     </span>
     <span class='ocr_line' id='line_1_34' title="bbox 207 1513 1630 1568; baseline -0.004 -11"><span class='ocrx_word' id='word_1_227' title='bbox 207 1518 291 1563; x_wconf 86' lang='lat' dir='ltr'>lint,</span> <span class='ocrx_word' id='word_1_228' title='bbox 314 1517 433 1556; x_wconf 88' lang='lat' dir='ltr'>fidem</span> <span class='ocrx_word' id='word_1_229' title='bbox 455 1516 687 1568; x_wconf 86' lang='lat' dir='ltr'>sperandam</span> <span class='ocrx_word' id='word_1_230' title='bbox 711 1527 810 1554; x_wconf 88' lang='lat' dir='ltr'>esse.</span> <span class='ocrx_word' id='word_1_231' title='bbox 853 1515 890 1554; x_wconf 88' lang='lat' dir='ltr'>in</span> <span class='ocrx_word' id='word_1_232' title='bbox 918 1514 1017 1554; x_wconf 87' lang='lat' dir='ltr'>hanc</span> <span class='ocrx_word' id='word_1_233' title='bbox 1038 1514 1270 1554; x_wconf 82' lang='lat' dir='ltr'>sententiam</span> <span class='ocrx_word' id='word_1_234' title='bbox 1304 1514 1472 1554; x_wconf 86' lang='lat' dir='ltr'>maxime</span> <span class='ocrx_word' id='word_1_235' title='bbox 1494 1513 1630 1553; x_wconf 79' lang='lat' dir='ltr'>consul</span> 
     </span>
     <span class='ocr_line' id='line_1_35' title="bbox 211 1570 1633 1626; baseline -0.003 -13"><span class='ocrx_word' id='word_1_236' title='bbox 211 1576 293 1626; x_wconf 89' lang='lat' dir='ltr'>ipse</span> <span class='ocrx_word' id='word_1_237' title='bbox 314 1572 511 1612; x_wconf 87' lang='lat' dir='ltr'>inclinavit</span> <span class='ocrx_word' id='word_1_238' title='bbox 531 1572 682 1611; x_wconf 76' lang='lat' dir='ltr'>animos</span> <span class='ocrx_word' id='word_1_239' title='bbox 706 1571 921 1610; x_wconf 87' lang='lat' dir='ltr'>identidem</span> <span class='ocrx_word' id='word_1_240' title='bbox 945 1572 990 1610; x_wconf 87' lang='lat' dir='ltr'>ad</span> <span class='ocrx_word' id='word_1_241' title='bbox 1014 1571 1210 1623; x_wconf 82' lang='lat' dir='ltr'>principes</span> <span class='ocrx_word' id='word_1_242' title='bbox 1228 1570 1515 1611; x_wconf 87' lang='lat' dir='ltr'>sententiarum</span> <span class='ocrx_word' id='word_1_243' title='bbox 1536 1582 1633 1610; x_wconf 87' lang='lat' dir='ltr'>eon-</span> 
     </span>
    </p>
   </div>
   <div class='ocr_carea' id='block_1_15' title="bbox 212 1662 886 2112">
    <p class='ocr_par' dir='ltr' id='par_1_15' title="bbox 212 1662 886 2112">
     <span class='ocr_line' id='line_1_36' title="bbox 212 1662 885 1706; baseline -0.004 -9"><span class='ocrx_word' id='word_1_244' title='bbox 212 1666 257 1697; x_wconf 86' lang='lat' dir='ltr'>ist</span> <span class='ocrx_word' id='word_1_245' title='bbox 275 1665 326 1697; x_wconf 90' lang='lat' dir='ltr'>die</span> <span class='ocrx_word' id='word_1_246' title='bbox 341 1663 572 1706; x_wconf 81' lang='lat' dir='ltr'>gewb&#39;hnliehe</span> <span class='ocrx_word' id='word_1_247' title='bbox 586 1662 732 1703; x_wconf 61' lang='lat' dir='ltr'>Forizzel,</span> <span class='ocrx_word' id='word_1_248' title='bbox 750 1662 812 1694; x_wconf 88' lang='lat' dir='ltr'>mit</span> <span class='ocrx_word' id='word_1_249' title='bbox 826 1662 885 1694; x_wconf 85' lang='lat' dir='ltr'>der</span> 
     </span>
     <span class='ocr_line' id='line_1_37' title="bbox 213 1706 885 1749; baseline -0.006 -6"><span class='ocrx_word' id='word_1_250' title='bbox 213 1711 264 1742; x_wconf 84' lang='lat' dir='ltr'>die</span> <span class='ocrx_word' id='word_1_251' title='bbox 278 1710 449 1743; x_wconf 84' lang='lat' dir='ltr'>einzelnen</span> <span class='ocrx_word' id='word_1_252' title='bbox 459 1709 645 1741; x_wconf 82' lang='lat' dir='ltr'>Senatoren</span> <span class='ocrx_word' id='word_1_253' title='bbox 656 1706 885 1749; x_wconf 75' lang='lat' dir='ltr'>ausgefordert</span> 
     </span>
     <span class='ocr_line' id='line_1_38' title="bbox 213 1752 886 1795; baseline -0.001 -9"><span class='ocrx_word' id='word_1_254' title='bbox 213 1756 347 1788; x_wconf 87' lang='lat' dir='ltr'>werden</span> <span class='ocrx_word' id='word_1_255' title='bbox 376 1755 459 1787; x_wconf 87' lang='lat' dir='ltr'>iiber</span> <span class='ocrx_word' id='word_1_256' title='bbox 489 1754 551 1786; x_wconf 89' lang='lat' dir='ltr'>den</span> <span class='ocrx_word' id='word_1_257' title='bbox 582 1752 796 1795; x_wconf 83' lang='lat' dir='ltr'>Gegenstand</span> <span class='ocrx_word' id='word_1_258' title='bbox 825 1753 886 1785; x_wconf 89' lang='lat' dir='ltr'>der</span> 
     </span>
     <span class='ocr_line' id='line_1_39' title="bbox 214 1798 884 1842; baseline -0.006 -9"><span class='ocrx_word' id='word_1_259' title='bbox 214 1801 404 1842; x_wconf 80' lang='lat' dir='ltr'>Berathung</span> <span class='ocrx_word' id='word_1_260' title='bbox 421 1800 494 1832; x_wconf 85' lang='lat' dir='ltr'>ihre</span> <span class='ocrx_word' id='word_1_261' title='bbox 512 1799 669 1839; x_wconf 83' lang='lat' dir='ltr'>Meinung</span> <span class='ocrx_word' id='word_1_262' title='bbox 693 1798 884 1839; x_wconf 84' lang='lat' dir='ltr'>ahzugeben</span> 
     </span>
     <span class='ocr_line' id='line_1_40' title="bbox 215 1843 884 1886; baseline -0.006 -8"><span class='ocrx_word' id='word_1_263' title='bbox 215 1848 427 1885; x_wconf 63' lang='lat' dir='ltr'>&lt;sententiam</span> <span class='ocrx_word' id='word_1_264' title='bbox 447 1844 578 1886; x_wconf 70' lang='lat' dir='ltr'>dicere),</span> <span class='ocrx_word' id='word_1_265' title='bbox 597 1855 622 1876; x_wconf 91' lang='lat' dir='ltr'>s.</span> <span class='ocrx_word' id='word_1_266' title='bbox 638 1845 670 1885; x_wconf 79' lang='lat'>9,</span> <span class='ocrx_word' id='word_1_267' title='bbox 689 1844 718 1884; x_wconf 83' lang='lat' dir='ltr'>S,</span> <span class='ocrx_word' id='word_1_268' title='bbox 734 1843 884 1875; x_wconf 73' lang='grc' dir='ltr'>2.-οω-</span> 
     </span>
     <span class='ocr_line' id='line_1_41' title="bbox 214 1888 884 1933; baseline -0.006 -10"><span class='ocrx_word' id='word_1_269' title='bbox 214 1891 407 1933; x_wconf 61' lang='lat' dir='ltr'>querendae,</span> <span class='ocrx_word' id='word_1_270' title='bbox 433 1901 459 1922; x_wconf 92' lang='lat' dir='ltr'>s.</span> <span class='ocrx_word' id='word_1_271' title='bbox 479 1890 508 1930; x_wconf 92' lang='lat'>3,</span> <span class='ocrx_word' id='word_1_272' title='bbox 528 1890 580 1931; x_wconf 74' lang='lat'>39,</span> <span class='ocrx_word' id='word_1_273' title='bbox 598 1890 636 1930; x_wconf 84' lang='lat'>23</span> <span class='ocrx_word' id='word_1_274' title='bbox 661 1889 703 1921; x_wconf 91' lang='lat' dir='ltr'>ib.</span> <span class='ocrx_word' id='word_1_275' title='bbox 722 1889 776 1928; x_wconf 85' lang='lat'>41,</span> <span class='ocrx_word' id='word_1_276' title='bbox 795 1888 823 1920; x_wconf 92' lang='lat'>1.</span> <span class='ocrx_word' id='word_1_277' title='bbox 841 1907 884 1912; x_wconf 94' lang='lat'><strong>—</strong></span> 
     </span>
     <span class='ocr_line' id='line_1_42' title="bbox 214 1934 886 1980; baseline -0.006 -11"><span class='ocrx_word' id='word_1_278' title='bbox 214 1948 315 1980; x_wconf 77' lang='lat' dir='ltr'>qaam</span> <span class='ocrx_word' id='word_1_279' title='bbox 338 1935 486 1976; x_wconf 79' lang='lat' dir='ltr'>dandae,</span> <span class='ocrx_word' id='word_1_280' title='bbox 518 1936 577 1968; x_wconf 88' lang='lat' dir='ltr'>der</span> <span class='ocrx_word' id='word_1_281' title='bbox 603 1934 799 1976; x_wconf 81' lang='lat' dir='ltr'>Magistrat,</span> <span class='ocrx_word' id='word_1_282' title='bbox 826 1934 886 1966; x_wconf 88' lang='lat' dir='ltr'>der</span> 
     </span>
     <span class='ocr_line' id='line_1_43' title="bbox 215 1979 885 2022; baseline -0.007 -7"><span class='ocrx_word' id='word_1_283' title='bbox 215 1983 276 2015; x_wconf 89' lang='lat' dir='ltr'>den</span> <span class='ocrx_word' id='word_1_284' title='bbox 302 1982 406 2014; x_wconf 81' lang='lat' dir='ltr'>Senat</span> <span class='ocrx_word' id='word_1_285' title='bbox 433 1981 530 2022; x_wconf 86' lang='lat' dir='ltr'>hielt,</span> <span class='ocrx_word' id='word_1_286' title='bbox 559 1981 626 2012; x_wconf 89' lang='lat' dir='ltr'>und</span> <span class='ocrx_word' id='word_1_287' title='bbox 655 1980 708 2012; x_wconf 90' lang='lat' dir='ltr'>die</span> <span class='ocrx_word' id='word_1_288' title='bbox 734 1979 885 2021; x_wconf 86' lang='lat' dir='ltr'>iibrigen,</span> 
     </span>
     <span class='ocr_line' id='line_1_44' title="bbox 214 2025 886 2064; baseline -0.004 -5"><span class='ocrx_word' id='word_1_289' title='bbox 214 2027 342 2059; x_wconf 84' lang='lat' dir='ltr'>welche</span> <span class='ocrx_word' id='word_1_290' title='bbox 361 2028 419 2059; x_wconf 84' lang='lat' dir='ltr'>das</span> <span class='ocrx_word' id='word_1_291' title='bbox 436 2026 542 2059; x_wconf 87' lang='lat' dir='ltr'>Reeht</span> <span class='ocrx_word' id='word_1_292' title='bbox 559 2025 676 2064; x_wconf 80' lang='lat' dir='ltr'>haben,</span> <span class='ocrx_word' id='word_1_293' title='bbox 703 2025 766 2057; x_wconf 86' lang='lat' dir='ltr'>den</span> <span class='ocrx_word' id='word_1_294' title='bbox 784 2025 886 2057; x_wconf 85' lang='lat' dir='ltr'>Senat</span> 
     </span>
     <span class='ocr_line' id='line_1_45' title="bbox 216 2070 885 2112; baseline -0.004 -7"><span class='ocrx_word' id='word_1_295' title='bbox 216 2084 257 2105; x_wconf 90' lang='lat' dir='ltr'>zu</span> <span class='ocrx_word' id='word_1_296' title='bbox 273 2071 414 2105; x_wconf 83' lang='lat' dir='ltr'>berufen</span> <span class='ocrx_word' id='word_1_297' title='bbox 438 2072 502 2104; x_wconf 88' lang='lat' dir='ltr'>und</span> <span class='ocrx_word' id='word_1_298' title='bbox 520 2072 670 2112; x_wconf 79' lang='lat' dir='ltr'>Vortrag</span> <span class='ocrx_word' id='word_1_299' title='bbox 695 2081 735 2102; x_wconf 85' lang='lat' dir='ltr'>an</span> <span class='ocrx_word' id='word_1_300' title='bbox 754 2070 885 2102; x_wconf 87' lang='lat' dir='ltr'>densel-</span> 
     </span>
    </p>
   </div>
   <div class='ocr_carea' id='block_1_16' title="bbox 169 2116 884 2157">
    <p class='ocr_par' dir='ltr' id='par_1_16' title="bbox 169 2116 884 2157">
     <span class='ocr_line' id='line_1_46' title="bbox 169 2116 884 2157; baseline -0.004 -7"><span class='ocrx_word' id='word_1_301' title='bbox 169 2119 279 2156; x_wconf 46' lang='grc' dir='ltr'>Μ111011</span> <span class='ocrx_word' id='word_1_302' title='bbox 304 2129 344 2149; x_wconf 89' lang='lat' dir='ltr'>zu</span> <span class='ocrx_word' id='word_1_303' title='bbox 370 2117 496 2157; x_wconf 83' lang='lat' dir='ltr'>halten,</span> <span class='ocrx_word' id='word_1_304' title='bbox 523 2117 693 2149; x_wconf 87' lang='lat' dir='ltr'>stimmten</span> <span class='ocrx_word' id='word_1_305' title='bbox 719 2116 810 2148; x_wconf 82' lang='lat' dir='ltr'>nicht</span> <span class='ocrx_word' id='word_1_306' title='bbox 833 2116 884 2155; x_wconf 84' lang='lat' dir='ltr'>ab,</span> 
     </span>
    </p>
   </div>
   <div class='ocr_carea' id='block_1_17' title="bbox 215 2161 886 2612">
    <p class='ocr_par' dir='ltr' id='par_1_17' title="bbox 217 2161 886 2383">
     <span class='ocr_line' id='line_1_47' title="bbox 217 2161 884 2204; baseline -0.004 -9"><span class='ocrx_word' id='word_1_307' title='bbox 217 2162 350 2195; x_wconf 79' lang='lat' dir='ltr'>durften</span> <span class='ocrx_word' id='word_1_308' title='bbox 369 2163 459 2204; x_wconf 80' lang='lat' dir='ltr'>aber,</span> <span class='ocrx_word' id='word_1_309' title='bbox 486 2172 555 2194; x_wconf 82' lang='lat' dir='ltr'>was</span> <span class='ocrx_word' id='word_1_310' title='bbox 582 2162 644 2194; x_wconf 87' lang='lat' dir='ltr'>den</span> <span class='ocrx_word' id='word_1_311' title='bbox 671 2161 808 2202; x_wconf 74' lang='lat' dir='ltr'>librigen</span> <span class='ocrx_word' id='word_1_312' title='bbox 827 2161 884 2192; x_wconf 89' lang='lat' dir='ltr'>Se-</span> 
     </span>
     <span class='ocr_line' id='line_1_48' title="bbox 217 2207 885 2248; baseline 0 -10"><span class='ocrx_word' id='word_1_313' title='bbox 217 2213 355 2240; x_wconf 82' lang='lat' dir='ltr'>natoren</span> <span class='ocrx_word' id='word_1_314' title='bbox 388 2208 481 2239; x_wconf 87' lang='lat' dir='ltr'>nieht</span> <span class='ocrx_word' id='word_1_315' title='bbox 510 2211 672 2248; x_wconf 82' lang='lat' dir='ltr'>gestattet</span> <span class='ocrx_word' id='word_1_316' title='bbox 700 2217 789 2247; x_wconf 82' lang='lat' dir='ltr'>war,</span> <span class='ocrx_word' id='word_1_317' title='bbox 827 2207 885 2238; x_wconf 85' lang='lat' dir='ltr'>das</span> 
     </span>
     <span class='ocr_line' id='line_1_49' title="bbox 218 2249 886 2293; baseline -0.003 -8"><span class='ocrx_word' id='word_1_318' title='bbox 218 2253 321 2285; x_wconf 79' lang='lat' dir='ltr'>Wort</span> <span class='ocrx_word' id='word_1_319' title='bbox 361 2249 547 2293; x_wconf 76' lang='lat' dir='ltr'>e‘rgreifen,</span> <span class='ocrx_word' id='word_1_320' title='bbox 591 2252 655 2283; x_wconf 92' lang='lat' dir='ltr'>und</span> <span class='ocrx_word' id='word_1_321' title='bbox 691 2263 727 2284; x_wconf 89' lang='lat' dir='ltr'>so</span> <span class='ocrx_word' id='word_1_322' title='bbox 757 2251 886 2292; x_wconf 83' lang='lat' dir='ltr'>wenig-</span> 
     </span>
     <span class='ocr_line' id='line_1_50' title="bbox 217 2297 884 2330; baseline -0.003 0"><span class='ocrx_word' id='word_1_323' title='bbox 217 2304 309 2330; x_wconf 88' lang='lat' dir='ltr'>stens</span> <span class='ocrx_word' id='word_1_324' title='bbox 336 2298 516 2329; x_wconf 83' lang='lat' dir='ltr'>berathend</span> <span class='ocrx_word' id='word_1_325' title='bbox 544 2298 614 2329; x_wconf 84' lang='lat' dir='ltr'>ihre</span> <span class='ocrx_word' id='word_1_326' title='bbox 643 2297 781 2329; x_wconf 76' lang='lat' dir='ltr'>Ansicht</span> <span class='ocrx_word' id='word_1_327' title='bbox 809 2297 884 2328; x_wconf 68' lang='lat' dir='ltr'>&#39;zius-</span> 
     </span>
     <span class='ocr_line' id='line_1_51' title="bbox 219 2342 587 2383; baseline -0.003 -8"><span class='ocrx_word' id='word_1_328' title='bbox 219 2353 313 2383; x_wconf 75' lang='lat' dir='ltr'>sern,</span> <span class='ocrx_word' id='word_1_329' title='bbox 332 2342 443 2383; x_wconf 82' lang='lat' dir='ltr'>Lange</span> <span class='ocrx_word' id='word_1_330' title='bbox 461 2343 492 2383; x_wconf 78' lang='lat'>2,</span> <span class='ocrx_word' id='word_1_331' title='bbox 512 2342 587 2374; x_wconf 81' lang='lat'>325.</span> 
     </span>
    </p>

    <p class='ocr_par' dir='ltr' id='par_1_18' title="bbox 215 2383 884 2603">
     <span class='ocr_line' id='line_1_52' title="bbox 264 2383 882 2431; baseline -0.006 -10"><span class='ocrx_word' id='word_1_332' title='bbox 264 2383 333 2421; x_wconf 73' lang='lat'>21·</span> <span class='ocrx_word' id='word_1_333' title='bbox 364 2389 458 2421; x_wconf 78' lang='lat'>1—5.</span> <span class='ocrx_word' id='word_1_334' title='bbox 482 2391 584 2431; x_wconf 74' lang='lat' dir='ltr'>prou!</span> <span class='ocrx_word' id='word_1_335' title='bbox 602 2393 679 2428; x_wconf 59' lang='lat' dir='ltr'>etc„</span> <span class='ocrx_word' id='word_1_336' title='bbox 704 2388 757 2427; x_wconf 73' lang='grc'>39,</span> <span class='ocrx_word' id='word_1_337' title='bbox 776 2386 829 2426; x_wconf 78' lang='grc'>25,</span> <span class='ocrx_word' id='word_1_338' title='bbox 848 2389 882 2418; x_wconf 80' lang='lat'>2:</span> 
     </span>
     <span class='ocr_line' id='line_1_53' title="bbox 215 2431 884 2477; baseline -0.004 -11"><span class='ocrx_word' id='word_1_339' title='bbox 215 2445 275 2477; x_wconf 84' lang='grc'>]·1·0</span> <span class='ocrx_word' id='word_1_340' title='bbox 293 2434 425 2476; x_wconf 60' lang='lat' dir='ltr'>ingente</span> <span class='ocrx_word' id='word_1_341' title='bbox 442 2433 787 2475; x_wconf 67' lang='lat' dir='ltr'>quisque-acerbius</span> <span class='ocrx_word' id='word_1_342' title='bbox 805 2431 884 2464; x_wconf 79' lang='lat' dir='ltr'>lem·-</span> 
     </span>
     <span class='ocr_line' id='line_1_54' title="bbox 218 2478 883 2522; baseline -0.006 -10"><span class='ocrx_word' id='word_1_343' title='bbox 218 2491 296 2512; x_wconf 76' lang='lat' dir='ltr'>uste</span> <span class='ocrx_word' id='word_1_344' title='bbox 311 2480 442 2522; x_wconf 15' lang='lat' dir='ltr'>agmebal</span> <span class='ocrx_word' id='word_1_345' title='bbox 460 2481 681 2521; x_wconf 71' lang='lat' dir='ltr'>——1&#39;71terrOg.</span> <span class='ocrx_word' id='word_1_346' title='bbox 701 2478 828 2520; x_wconf 79' lang='lat'>30,22,</span> <span class='ocrx_word' id='word_1_347' title='bbox 847 2478 883 2517; x_wconf 83' lang='lat'>53</span> 
     </span>
     <span class='ocr_line' id='line_1_55' title="bbox 219 2522 883 2566; baseline -0.005 -9"><span class='ocrx_word' id='word_1_348' title='bbox 219 2528 250 2559; x_wconf 59' lang='grc' dir='ltr'>θ’,</span> <span class='ocrx_word' id='word_1_349' title='bbox 272 2525 322 2565; x_wconf 86' lang='grc'>13,</span> <span class='ocrx_word' id='word_1_350' title='bbox 342 2526 370 2555; x_wconf 55' lang='lat'>⁵³.</span> <span class='ocrx_word' id='word_1_351' title='bbox 397 2543 439 2548; x_wconf 86' lang='lat'>—</span> <span class='ocrx_word' id='word_1_352' title='bbox 470 2524 681 2564; x_wconf 34' lang='lat' dir='ltr'>condebz&#39;stoms</span> <span class='ocrx_word' id='word_1_353' title='bbox 705 2524 726 2566; x_wconf 62' lang='grc' dir='ltr'>ξ</span> <span class='ocrx_word' id='word_1_354' title='bbox 745 2524 780 2554; x_wconf 83' lang='lat'>6:</span> <span class='ocrx_word' id='word_1_355' title='bbox 798 2526 827 2555; x_wconf 73' lang='lat' dir='ltr'>et</span> <span class='ocrx_word' id='word_1_356' title='bbox 844 2522 883 2554; x_wconf 84' lang='grc' dir='ltr'>Ιι-</span> 
     </span>
     <span class='ocr_line' id='line_1_56' title="bbox 220 2549 880 2612; baseline -0.003 -11"><span class='ocrx_word' id='word_1_357' title='bbox 220 2572 297 2603; x_wconf 72' lang='lat' dir='ltr'>bem.</span> <span class='ocrx_word' id='word_1_358' title='bbox 323 2590 363 2593; x_wconf 84' lang='lat'>--</span> <span class='ocrx_word' id='word_1_359' title='bbox 390 2572 615 2612; x_wconf 27' lang='lat' dir='ltr'>necess-ztatzwe</span> <span class='ocrx_word' id='word_1_360' title='bbox 642 2549 681 2602; x_wconf 76' lang='lat' dir='ltr'>da&#39;</span> <span class='ocrx_word' id='word_1_361' title='bbox 699 2580 736 2603; x_wconf 86' lang='lat' dir='ltr'>er</span> <span class='ocrx_word' id='word_1_362' title='bbox 754 2563 836 2601; x_wconf 74' lang='lat' dir='ltr'>nach</span> <span class='ocrx_word' id='word_1_363' title='bbox 855 2580 880 2599; x_wconf 94' lang='grc'>0.</span> 
     </span>
    </p>
   </div>
   <div class='ocr_carea' id='block_1_18' title="bbox 960 1655 1634 2611">
    <p class='ocr_par' dir='ltr' id='par_1_19' title="bbox 960 1655 1633 2061">
     <span class='ocr_line' id='line_1_57' title="bbox 964 1655 1632 1702; baseline 0.001 -9"><span class='ocrx_word' id='word_1_364' title='bbox 964 1662 1018 1702; x_wconf 80' lang='lat'>20,</span> <span class='ocrx_word' id='word_1_365' title='bbox 1037 1662 1246 1695; x_wconf 87' lang='lat' dir='ltr'>6deditieius</span> <span class='ocrx_word' id='word_1_366' title='bbox 1260 1672 1350 1701; x_wconf 76' lang='lat' dir='ltr'>war-3</span> <span class='ocrx_word' id='word_1_367' title='bbox 1369 1662 1472 1695; x_wconf 86' lang='lat' dir='ltr'>daher</span> <span class='ocrx_word' id='word_1_368' title='bbox 1489 1655 1632 1694; x_wconf 53' lang='lat' dir='ltr'>ist&#39;aueh</span> 
     </span>
     <span class='ocr_line' id='line_1_58' title="bbox 962 1706 1632 1750; baseline 0.001 -11"><span class='ocrx_word' id='word_1_369' title='bbox 962 1708 1085 1750; x_wconf 78' lang='lat' dir='ltr'>legatis</span> <span class='ocrx_word' id='word_1_370' title='bbox 1110 1708 1201 1740; x_wconf 81' lang='lat' dir='ltr'>nicht</span> <span class='ocrx_word' id='word_1_371' title='bbox 1217 1708 1252 1740; x_wconf 91' lang='lat' dir='ltr'>in</span> <span class='ocrx_word' id='word_1_372' title='bbox 1278 1712 1446 1748; x_wconf 81' lang='lat' dir='ltr'>strengem</span> <span class='ocrx_word' id='word_1_373' title='bbox 1464 1706 1565 1740; x_wconf 88' lang='lat' dir='ltr'>Sinne</span> <span class='ocrx_word' id='word_1_374' title='bbox 1591 1719 1632 1740; x_wconf 91' lang='lat' dir='ltr'>zu</span> 
     </span>
     <span class='ocr_line' id='line_1_59' title="bbox 964 1752 1633 1796; baseline 0 -12"><span class='ocrx_word' id='word_1_375' title='bbox 964 1754 1111 1785; x_wconf 88' lang='lat' dir='ltr'>nehmen.</span> <span class='ocrx_word' id='word_1_376' title='bbox 1138 1771 1181 1776; x_wconf 92' lang='lat'>-—</span> <span class='ocrx_word' id='word_1_377' title='bbox 1205 1756 1290 1796; x_wconf 74' lang='lat' dir='ltr'>ante,</span> <span class='ocrx_word' id='word_1_378' title='bbox 1316 1764 1378 1785; x_wconf 90' lang='lat' dir='ltr'>vor</span> <span class='ocrx_word' id='word_1_379' title='bbox 1400 1753 1459 1784; x_wconf 83' lang='lat' dir='ltr'>der</span> <span class='ocrx_word' id='word_1_380' title='bbox 1476 1752 1633 1785; x_wconf 86' lang='lat' dir='ltr'>Antwort</span> 
     </span>
     <span class='ocr_line' id='line_1_60' title="bbox 963 1798 1632 1841; baseline 0 -11"><span class='ocrx_word' id='word_1_381' title='bbox 963 1799 1077 1830; x_wconf 88' lang='lat' dir='ltr'>immer</span> <span class='ocrx_word' id='word_1_382' title='bbox 1095 1810 1124 1830; x_wconf 90' lang='lat' dir='ltr'>u.</span> <span class='ocrx_word' id='word_1_383' title='bbox 1144 1809 1169 1831; x_wconf 86' lang='lat' dir='ltr'>s.</span> <span class='ocrx_word' id='word_1_384' title='bbox 1188 1809 1246 1841; x_wconf 55' lang='grc' dir='ltr'>ἢκ,</span> <span class='ocrx_word' id='word_1_385' title='bbox 1265 1798 1333 1839; x_wconf 85' lang='lat' dir='ltr'>vgl,</span> <span class='ocrx_word' id='word_1_386' title='bbox 1352 1809 1378 1830; x_wconf 91' lang='lat' dir='ltr'>c.</span> <span class='ocrx_word' id='word_1_387' title='bbox 1399 1799 1452 1839; x_wconf 87' lang='lat'>30,</span> <span class='ocrx_word' id='word_1_388' title='bbox 1470 1799 1508 1836; x_wconf 77' lang='lat'>63</span> <span class='ocrx_word' id='word_1_389' title='bbox 1528 1798 1581 1837; x_wconf 88' lang='lat'>23,</span> <span class='ocrx_word' id='word_1_390' title='bbox 1599 1799 1632 1839; x_wconf 87' lang='grc'>4,</span> 
     </span>
     <span class='ocr_line' id='line_1_61' title="bbox 964 1843 1632 1886; baseline 0 -11"><span class='ocrx_word' id='word_1_391' title='bbox 964 1845 1002 1882; x_wconf 68' lang='grc'>6,</span> <span class='ocrx_word' id='word_1_392' title='bbox 1022 1844 1142 1885; x_wconf 83' lang='grc'>35,42,</span> <span class='ocrx_word' id='word_1_393' title='bbox 1157 1844 1194 1884; x_wconf 85' lang='grc'>2;</span> <span class='ocrx_word' id='word_1_394' title='bbox 1214 1843 1266 1886; x_wconf 86' lang='grc'>27,</span> <span class='ocrx_word' id='word_1_395' title='bbox 1280 1844 1335 1885; x_wconf 75' lang='grc'>28,</span> <span class='ocrx_word' id='word_1_396' title='bbox 1359 1845 1413 1883; x_wconf 83' lang='grc'>17;</span> <span class='ocrx_word' id='word_1_397' title='bbox 1433 1843 1514 1875; x_wconf 82' lang='lat' dir='ltr'>doeh</span> <span class='ocrx_word' id='word_1_398' title='bbox 1527 1843 1632 1875; x_wconf 65' lang='grc'>1461111-</span> 
     </span>
     <span class='ocr_line' id='line_1_62' title="bbox 963 1889 1632 1931; baseline -0.001 -10"><span class='ocrx_word' id='word_1_399' title='bbox 963 1894 997 1921; x_wconf 84' lang='lat' dir='ltr'>te</span> <span class='ocrx_word' id='word_1_400' title='bbox 1011 1899 1083 1921; x_wconf 87' lang='lat' dir='ltr'>man</span> <span class='ocrx_word' id='word_1_401' title='bbox 1099 1891 1166 1921; x_wconf 79' lang='lat' dir='ltr'>iam</span> <span class='ocrx_word' id='word_1_402' title='bbox 1181 1892 1260 1921; x_wconf 78' lang='lat' dir='ltr'>ante</span> <span class='ocrx_word' id='word_1_403' title='bbox 1277 1894 1457 1921; x_wconf 82' lang='lat' dir='ltr'>erwarten.</span> <span class='ocrx_word' id='word_1_404' title='bbox 1469 1889 1632 1931; x_wconf 62' lang='lat' dir='ltr'>—fidatm</span> 
     </span>
     <span class='ocr_line' id='line_1_63' title="bbox 964 1934 1632 1976; baseline -0.001 -10"><span class='ocrx_word' id='word_1_405' title='bbox 964 1935 1042 1976; x_wconf 76' lang='lat'>5,4,</span> <span class='ocrx_word' id='word_1_406' title='bbox 1065 1935 1115 1968; x_wconf 88' lang='lat'>13.</span> <span class='ocrx_word' id='word_1_407' title='bbox 1141 1953 1184 1957; x_wconf 90' lang='lat'>—</span> <span class='ocrx_word' id='word_1_408' title='bbox 1209 1945 1268 1967; x_wconf 79' lang='lat' dir='ltr'>nec</span> <span class='ocrx_word' id='word_1_409' title='bbox 1285 1934 1327 1967; x_wconf 83' lang='lat' dir='ltr'>z&#39;d.</span> <span class='ocrx_word' id='word_1_410' title='bbox 1346 1945 1373 1967; x_wconf 88' lang='lat' dir='ltr'>s.</span> <span class='ocrx_word' id='word_1_411' title='bbox 1392 1934 1564 1976; x_wconf 81' lang='lat' dir='ltr'>c.18,11.</span> <span class='ocrx_word' id='word_1_412' title='bbox 1589 1952 1632 1956; x_wconf 85' lang='lat'>—-</span> 
     </span>
     <span class='ocr_line' id='line_1_64' title="bbox 960 1979 1632 2023; baseline 0.001 -12"><span class='ocrx_word' id='word_1_413' title='bbox 960 1982 1111 2023; x_wconf 81' lang='lat' dir='ltr'>pacatos,</span> <span class='ocrx_word' id='word_1_414' title='bbox 1130 1979 1180 2012; x_wconf 90' lang='lat' dir='ltr'>sie</span> <span class='ocrx_word' id='word_1_415' title='bbox 1197 1980 1335 2012; x_wconf 84' lang='lat' dir='ltr'>wiirden</span> <span class='ocrx_word' id='word_1_416' title='bbox 1350 1980 1433 2011; x_wconf 85' lang='lat' dir='ltr'>auch</span> <span class='ocrx_word' id='word_1_417' title='bbox 1451 1979 1505 2012; x_wconf 86' lang='lat' dir='ltr'>ein</span> <span class='ocrx_word' id='word_1_418' title='bbox 1519 1979 1632 2012; x_wconf 88' lang='lat' dir='ltr'>besse-</span> 
     </span>
     <span class='ocr_line' id='line_1_65' title="bbox 963 2024 1417 2061; baseline -0.002 -4"><span class='ocrx_word' id='word_1_419' title='bbox 963 2035 1018 2057; x_wconf 85' lang='lat' dir='ltr'>res</span> <span class='ocrx_word' id='word_1_420' title='bbox 1037 2025 1252 2061; x_wconf 68' lang='lat' dir='ltr'>Verhiiltniss</span> <span class='ocrx_word' id='word_1_421' title='bbox 1269 2024 1417 2058; x_wconf 65' lang='grc' dir='ltr'>ἴοι-(10011.</span> 
     </span>
    </p>

    <p class='ocr_par' dir='ltr' id='par_1_20' title="bbox 962 2070 1634 2611">
     <span class='ocr_line' id='line_1_66' title="bbox 1009 2070 1631 2112; baseline 0.002 -11"><span class='ocrx_word' id='word_1_422' title='bbox 1009 2070 1129 2104; x_wconf 85' lang='grc'>6-10.</span> <span class='ocrx_word' id='word_1_423' title='bbox 1156 2072 1268 2103; x_wconf 74' lang='lat' dir='ltr'>mitior</span> <span class='ocrx_word' id='word_1_424' title='bbox 1285 2071 1369 2103; x_wconf 81' lang='lat' dir='ltr'>nach</span> <span class='ocrx_word' id='word_1_425' title='bbox 1385 2070 1499 2103; x_wconf 88' lang='lat' dir='ltr'>Duker</span> <span class='ocrx_word' id='word_1_426' title='bbox 1517 2079 1631 2112; x_wconf 81' lang='lat' dir='ltr'>wegen</span> 
     </span>
     <span class='ocr_line' id='line_1_67' title="bbox 965 2115 1632 2156; baseline 0 -9"><span class='ocrx_word' id='word_1_427' title='bbox 965 2115 982 2156; x_wconf 63' lang='grc' dir='ltr'>ξ</span> <span class='ocrx_word' id='word_1_428' title='bbox 1005 2116 1016 2146; x_wconf 94' lang='grc'>1</span> <span class='ocrx_word' id='word_1_429' title='bbox 1036 2117 1195 2148; x_wconf 78' lang='lat' dir='ltr'>mitiusve</span> <span class='ocrx_word' id='word_1_430' title='bbox 1221 2120 1305 2148; x_wconf 81' lang='lat' dir='ltr'>statt</span> <span class='ocrx_word' id='word_1_431' title='bbox 1330 2116 1387 2148; x_wconf 88' lang='lat' dir='ltr'>des</span> <span class='ocrx_word' id='word_1_432' title='bbox 1413 2116 1484 2148; x_wconf 90' lang='lat' dir='ltr'>hds.</span> <span class='ocrx_word' id='word_1_433' title='bbox 1501 2115 1632 2148; x_wconf 72' lang='lat' dir='ltr'>melior.</span> 
     </span>
     <span class='ocr_line' id='line_1_68' title="bbox 964 2161 1631 2204; baseline -0.001 -11"><span class='ocrx_word' id='word_1_434' title='bbox 964 2180 1006 2184; x_wconf 77' lang='lat'>——</span> <span class='ocrx_word' id='word_1_435' title='bbox 1032 2171 1201 2204; x_wconf 77' lang='lat' dir='ltr'>responsa,</span> <span class='ocrx_word' id='word_1_436' title='bbox 1228 2161 1300 2194; x_wconf 89' lang='lat' dir='ltr'>eine</span> <span class='ocrx_word' id='word_1_437' title='bbox 1319 2161 1397 2194; x_wconf 83' lang='lat' dir='ltr'>Hds.</span> <span class='ocrx_word' id='word_1_438' title='bbox 1414 2162 1472 2194; x_wconf 87' lang='lat' dir='ltr'>hat</span> <span class='ocrx_word' id='word_1_439' title='bbox 1489 2161 1631 2204; x_wconf 83' lang='lat' dir='ltr'>passend</span> 
     </span>
     <span class='ocr_line' id='line_1_69' title="bbox 962 2206 1632 2250; baseline -0.004 -10"><span class='ocrx_word' id='word_1_440' title='bbox 962 2216 1174 2250; x_wconf 77' lang='lat' dir='ltr'>responsum.</span> <span class='ocrx_word' id='word_1_441' title='bbox 1201 2226 1243 2230; x_wconf 82' lang='lat'>-</span> <span class='ocrx_word' id='word_1_442' title='bbox 1269 2206 1379 2248; x_wconf 70' lang='lat' dir='ltr'>liberi,</span> <span class='ocrx_word' id='word_1_443' title='bbox 1410 2207 1474 2239; x_wconf 85' lang='lat' dir='ltr'>wie</span> <span class='ocrx_word' id='word_1_444' title='bbox 1499 2217 1534 2238; x_wconf 92' lang='lat' dir='ltr'>es</span> <span class='ocrx_word' id='word_1_445' title='bbox 1561 2206 1632 2238; x_wconf 80' lang='lat' dir='ltr'>sich</span> 
     </span>
     <span class='ocr_line' id='line_1_70' title="bbox 964 2251 1630 2284; baseline -0.003 0"><span class='ocrx_word' id='word_1_446' title='bbox 964 2251 1018 2284; x_wconf 84' lang='lat' dir='ltr'>fiir</span> <span class='ocrx_word' id='word_1_447' title='bbox 1043 2252 1140 2284; x_wconf 87' lang='lat' dir='ltr'>einen</span> <span class='ocrx_word' id='word_1_448' title='bbox 1165 2252 1303 2284; x_wconf 86' lang='lat' dir='ltr'>solchen</span> <span class='ocrx_word' id='word_1_449' title='bbox 1320 2253 1434 2284; x_wconf 88' lang='lat' dir='ltr'>zieme.</span> <span class='ocrx_word' id='word_1_450' title='bbox 1459 2270 1502 2275; x_wconf 96' lang='lat'>—</span> <span class='ocrx_word' id='word_1_451' title='bbox 1526 2253 1630 2283; x_wconf 76' lang='lat' dir='ltr'>aut-</span> 
     </span>
     <span class='ocr_line' id='line_1_71' title="bbox 963 2296 1632 2339; baseline 0.001 -11"><span class='ocrx_word' id='word_1_452' title='bbox 963 2297 1115 2339; x_wconf 69' lang='lat' dir='ltr'>denique,</span> <span class='ocrx_word' id='word_1_453' title='bbox 1142 2298 1221 2330; x_wconf 86' lang='lat' dir='ltr'>oder</span> <span class='ocrx_word' id='word_1_454' title='bbox 1238 2308 1287 2329; x_wconf 84' lang='lat' dir='ltr'>am</span> <span class='ocrx_word' id='word_1_455' title='bbox 1305 2297 1406 2329; x_wconf 89' lang='lat' dir='ltr'>Ende.</span> <span class='ocrx_word' id='word_1_456' title='bbox 1436 2296 1632 2338; x_wconf 81' lang='lat' dir='ltr'>iiberhaupt,</span> 
     </span>
     <span class='ocr_line' id='line_1_72' title="bbox 963 2341 1629 2385; baseline 0 -12"><span class='ocrx_word' id='word_1_457' title='bbox 963 2343 995 2383; x_wconf 77' lang='lat'>4,</span> <span class='ocrx_word' id='word_1_458' title='bbox 1015 2343 1066 2384; x_wconf 78' lang='lat'>55,</span> <span class='ocrx_word' id='word_1_459' title='bbox 1089 2345 1137 2376; x_wconf 92' lang='lat'>11.</span> <span class='ocrx_word' id='word_1_460' title='bbox 1157 2344 1392 2385; x_wconf 75' lang='lat' dir='ltr'>—paeniteat,</span> <span class='ocrx_word' id='word_1_461' title='bbox 1414 2341 1629 2374; x_wconf 78' lang='lat' dir='ltr'>unzufrieden</span> 
     </span>
     <span class='ocr_line' id='line_1_73' title="bbox 963 2388 1631 2428; baseline 0 -9"><span class='ocrx_word' id='word_1_462' title='bbox 963 2388 1024 2419; x_wconf 86' lang='lat' dir='ltr'>sei.</span> <span class='ocrx_word' id='word_1_463' title='bbox 1037 2406 1077 2411; x_wconf 81' lang='lat'>—-</span> <span class='ocrx_word' id='word_1_464' title='bbox 1093 2388 1434 2428; x_wconf 58' lang='lat' dir='ltr'>ibimachdriicklich:</span> <span class='ocrx_word' id='word_1_465' title='bbox 1454 2388 1576 2420; x_wconf 83' lang='lat' dir='ltr'>nurda.</span> <span class='ocrx_word' id='word_1_466' title='bbox 1588 2405 1631 2411; x_wconf 85' lang='lat'>—</span> 
     </span>
     <span class='ocr_line' id='line_1_74' title="bbox 965 2432 1631 2474; baseline 0.002 -10"><span class='ocrx_word' id='word_1_467' title='bbox 965 2432 1159 2473; x_wconf 65' lang='lat' dir='ltr'>voluntarii,</span> <span class='ocrx_word' id='word_1_468' title='bbox 1188 2443 1247 2465; x_wconf 84' lang='lat' dir='ltr'>aus</span> <span class='ocrx_word' id='word_1_469' title='bbox 1279 2433 1428 2474; x_wconf 78' lang='lat' dir='ltr'>eigenem</span> <span class='ocrx_word' id='word_1_470' title='bbox 1456 2432 1631 2474; x_wconf 84' lang='lat' dir='ltr'>Antriebe,</span> 
     </span>
     <span class='ocr_line' id='line_1_75' title="bbox 963 2479 1634 2519; baseline 0.001 -10"><span class='ocrx_word' id='word_1_471' title='bbox 963 2488 1055 2519; x_wconf 82' lang='lat' dir='ltr'>geru.</span> <span class='ocrx_word' id='word_1_472' title='bbox 1081 2497 1125 2501; x_wconf 93' lang='lat'>—</span> <span class='ocrx_word' id='word_1_473' title='bbox 1149 2480 1299 2510; x_wconf 71' lang='lat' dir='ltr'>maa-ime</span> <span class='ocrx_word' id='word_1_474' title='bbox 1322 2480 1439 2519; x_wconf 80' lang='lat' dir='ltr'>gehb&#39;rt</span> <span class='ocrx_word' id='word_1_475' title='bbox 1464 2490 1504 2510; x_wconf 90' lang='lat' dir='ltr'>zu</span> <span class='ocrx_word' id='word_1_476' title='bbox 1521 2479 1634 2511; x_wconf 77' lang='lat' dir='ltr'>consul</span> 
     </span>
     <span class='ocr_line' id='line_1_76' title="bbox 964 2524 1630 2568; baseline 0.002 -12"><span class='ocrx_word' id='word_1_477' title='bbox 964 2524 1188 2556; x_wconf 75' lang='lat' dir='ltr'>—z&#39;ncle&#39;mwit.</span> <span class='ocrx_word' id='word_1_478' title='bbox 1207 2543 1248 2548; x_wconf 90' lang='lat'>—</span> <span class='ocrx_word' id='word_1_479' title='bbox 1265 2524 1312 2556; x_wconf 85' lang='lat' dir='ltr'>ad</span> <span class='ocrx_word' id='word_1_480' title='bbox 1323 2526 1528 2568; x_wconf 72' lang='lat' dir='ltr'>p1·ine.-1cti</span> <span class='ocrx_word' id='word_1_481' title='bbox 1541 2525 1630 2565; x_wconf 79' lang='lat' dir='ltr'>(nur)</span> 
     </span>
     <span class='ocr_line' id='line_1_77' title="bbox 963 2570 1630 2611; baseline 0.003 -11"><span class='ocrx_word' id='word_1_482' title='bbox 963 2570 1045 2602; x_wconf 81' lang='lat' dir='ltr'>nach</span> <span class='ocrx_word' id='word_1_483' title='bbox 1072 2570 1247 2610; x_wconf 87' lang='lat' dir='ltr'>den—hin,</span> <span class='ocrx_word' id='word_1_484' title='bbox 1274 2570 1630 2611; x_wconf 72' lang='lat' dir='ltr'>nach—zugeweudet,</span> 
     </span>
    </p>
   </div>
   <div class='ocr_carea' id='block_1_19' title="bbox 842 2979 1715 2983">
    <p class='ocr_par' dir='ltr' id='par_1_21' title="bbox 842 2979 1715 2983">
     <span class='ocr_line' id='line_1_78' title="bbox 842 2979 1715 2983; baseline 0 1"><span class='ocrx_word' id='word_1_485' title='bbox 842 2979 1715 2983; x_wconf 95' lang='lat' dir='ltr'> </span> 
     </span>
    </p>
   </div>
   <div class='ocr_carea' id='block_1_20' title="bbox 1706 0 1763 2983">
    <p class='ocr_par' dir='ltr' id='par_1_22' title="bbox 1706 0 1763 2983">
     <span class='ocr_line' id='line_1_79' title="bbox 1706 0 1763 2983; baseline 0 0"><span class='ocrx_word' id='word_1_486' title='bbox 1706 0 1763 2983; x_wconf 95' lang='lat' dir='ltr'> </span> 
     </span>
    </p>
   </div>
  </div>
 </body>
</html>
