1763 2983
254 193 334 233 478
833 191 1090 226 PERIOCHAE.

834 354 902 388 EX
928 354 1021 388 LlB.
1049 354 1114 389 XI.

348 460 427 491 Cum
451 459 575 492 Fabius
594 459 725 501 Gurges
745 460 861 492 consul
890 460 975 492 malc
1005 461 1167 493 adversus
1186 461 1354 493 Samnites
1373 466 1554 503 pugnasset
1572 467 1605 494 ct
1622 472 1674 494 se-

258 510 355 537 natus
374 506 413 537 de
432 505 632 537 removendo
652 516 690 537 co
710 506 749 537 ab
770 507 923 539 exercitu
947 511 1071 548 ageret,
1101 506 1226 538 Fabius
1243 507 1411 539 Maximus
1440 512 1535 549 pater
1559 508 1673 549 deprc-

257 556 351 583 ratus
368 551 453 583 hanc
472 551 521 582 fili
541 551 757 592 ignominiam
776 561 813 583 00
833 553 974 584 maxime
993 557 1143 585 senatum
1160 552 1276 591 movit,
1304 553 1389 594 quod
1407 553 1532 585 iturum
1551 563 1586 585 se
1603 552 1673 585 filio

257 597 401 637 legatum
420 597 595 638 pollicitus
621 601 684 637 est,
714 597 812 639 idque
836 599 1018 640 praestitit.
1055 598 1128 629 eius
1147 597 1300 630 consiliis
1319 603 1352 630 et
1369 609 1468 640 opera
1486 598 1575 630 filius
1596 610 1675 630 con-

255 642 306 673 sul
324 643 460 674 adiutus
479 643 588 675 caesis
603 642 809 675 Samnitibus
823 644 1064 686 triumphavit3
1084 643 1282 676 C.Pontium
1301 643 1535 686 imperatorem
1544 644 1676 676 Samni-

256 688 338 719 tium
357 689 491 720 ductum
510 688 541 719 in
561 688 728 731 triumpho
747 690 858 721 securi
876 690 1055 731 percussit.
1093 700 1165 721 011111
1182 689 1377 731 pestilentia
1397 689 1522 721 civitas
1540 689 1676 721 labora-

256 739 318 775 ret,
343 733 438 766 missi
470 734 584 775 legati,
615 739 652 767 ut
676 734 855 777 Aesculapi
886 736 1015 775 signum
1033 734 1165 766 Romam
1192 735 1232 765 ab
1251 734 1420 776 Epidauro
1438 733 1676 775 transferrent,

253 789 403 821 anguem,
428 780 485 822 qui
504 790 539 811 se
557 779 590 811 in
609 791 727 813 navem
745 789 862 812 eorum
881 781 1080 819 contulerat,
1111 780 1145 811 in
1163 791 1226 822 quo
1246 780 1352 822 ipsum
1370 790 1489 812 numen
1507 790 1580 812 esse
1597 791 1675 812 con-

253 826 375 865 stabat,
401 826 682 868 deportaverunt3
710 836 812 867 eoque
830 827 862 858 in
882 827 1026 858 insulam
1043 825 1179 858 Tiberis
1198 836 1333 866 egresso
1352 826 1464 858 eodem
1486 826 1560 858 loco
1579 827 1675 858 aedes

252 870 455 913 Aesculapio
481 872 667 904 constituta
686 878 748 905 est.
787 872 824 904 L.
843 872 1034 904 Postumius
1054 871 1256 913 consularis,
1285 871 1450 913 quoniam,
1481 882 1554 903 cum
1577 881 1675 902 exer-

256 916 342 948 citui
360 923 541 959 praeesset,
561 928 662 960 opera
680 918 825 950 militum
843 919 877 949 in
897 928 977 959 agro
997 928 1056 949 suo
1074 928 1154 949 usus
1172 921 1254 958 erat,
1280 917 1454 949 damnatus
1474 921 1535 949 est.
1562 927 1674 959 pacem

254 962 443 1004 petentibus
461 961 668 995 Samnitibus
686 962 801 995 foedus
819 968 938 1010 quarto
958 967 1155 995 renovatum
1172 967 1232 994 est.
1273 962 1395 995 Curius
1413 963 1577 994 Dentatus
1596 973 1673 994 con-

254 1008 306 1039 sul
324 1008 530 1040 Samnitibus
549 1009 658 1041 caesis
677 1013 709 1041 et
726 1009 871 1048 Sabinis,
891 1009 945 1051 qui
964 1008 1225 1046 rebellaverant⁷
1244 1008 1348 1040 victis
1369 1013 1402 1040 et
1420 1009 1453 1040 in
1472 1008 1674 1040 deditionem

252 1055 399 1096 acceptis
418 1054 470 1085 bis
498 1055 531 1085 in
552 1056 663 1086 eodem
683 1055 884 1095 magistratu
901 1054 1134 1095 triumphavit.
1171 1053 1323 1086 coloniae
1341 1055 1500 1086 deductae
1519 1059 1596 1086 sunt
1613 1054 1675 1086 Ca-

251 1105 357 1131 strum
379 1100 464 1131 Sena
483 1099 620 1131 Hadria.
659 1100 835 1132 triumviri
854 1099 1016 1141 capitales
1034 1104 1113 1131 tunc
1137 1099 1278 1141 primum
1308 1099 1414 1131 creati
1446 1104 1532 1131 sunt.
1572 1109 1673 1131 censu

251 1164 326 1190 acto
353 1158 497 1190 lustrum
525 1158 694 1190 conditum
720 1163 789 1190 est:
822 1168 920 1189 censa
955 1161 1030 1188 sunt
1057 1156 1182 1188 civium
1206 1156 1317 1198 capita
1335 1155 1527 1189 CCLXXII.
1582 1157 1674 1198 plebs

252 1208 388 1246 propter
406 1214 462 1235 aes
483 1202 626 1235 alienum
646 1209 720 1245 post
738 1213 860 1244 graves
875 1208 906 1235 et
921 1203 1038 1244 longas
1057 1202 1240 1234 seditiones
1258 1201 1297 1233 ad
1312 1202 1465 1234 ultimum
1480 1202 1621 1234 secessit
1639 1203 1678 1241 in*

252 1248 447 1291 ianiculum,
475 1248 560 1280 unde
578 1260 596 1281 a
618 1246 857 1292 Q.{Hortensio
877 1249 1044 1280 dictatore
1062 1248 1203 1279 deducta
1222 1252 1290 1287 est3
1316 1247 1408 1290 isque
1427 1248 1461 1279 in
1479 1248 1550 1290 ipso
1569 1248 1674 1288 magi-

251 1300 361 1327 stratu
381 1295 536 1327 decessit.
566 1306 618 1327 res
636 1300 811 1337 practerea
828 1299 945 1326 contra
958 1294 1195 1327 Vulsinienses
1208 1298 1320 1334 gestas
1340 1293 1501 1335 continet,
1519 1294 1598 1325 item
1615 1293 1672 1325 ad-

252 1351 370 1373 versus
392 1340 556 1381 Lucanos,
577 1346 694 1373 contra
713 1351 795 1383 quos
813 1339 979 1372 auxilium
997 1339 1160 1372 Thurinis
1178 1337 1268 1371 ferre
1286 1338 1472 1381 placuerat.

821 1574 892 1609 EX
913 1574 1002 1608 LIB.
1026 1573 1112 1607 XII.

342 1682 422 1714 Cum
440 1682 545 1723 legati
562 1680 785 1713 Romanorum
811 1691 829 1712 a
849 1680 959 1714 Gallis
977 1679 1163 1712 Senonibus
1181 1676 1354 1711 interfecti
1372 1682 1500 1719 essent,
1524 1678 1611 1711 bello
1630 1678 1670 1710 ob

251 1728 282 1760 id
304 1727 414 1760 Gallis
443 1727 570 1760 indicto
600 1727 637 1759 L.
658 1727 827 1759 Caecilius
856 1730 993 1769 praetor
1021 1727 1061 1757 ab
1092 1725 1142 1757 eis
1165 1735 1237 1756 011111
1260 1724 1450 1765 legionibus
1468 1734 1586 1758 caesus
1604 1729 1667 1757 est.

251 1784 323 1805 cum
351 1784 369 1805 a
395 1772 591 1805 Tarentinis
622 1773 742 1805 classis
761 1771 907 1805 Romana
922 1772 1051 1813 direpta
1081 1775 1180 1811 esset,
1211 1770 1400 1811 duumviro,
1430 1770 1485 1812 qui
1516 1774 1671 1812 praeerat

250 1820 364 1859 classi,
384 1820 508 1859 occiso,
527 1819 632 1860 legati
651 1819 691 1850 ad
710 1829 766 1850 eos
785 1829 801 1850 a
825 1823 953 1857 senatu,
971 1823 1007 1849 ut
1025 1818 1064 1848 de
1081 1817 1133 1848 his
1152 1816 1290 1848 iniuriis
1314 1821 1546 1858 quererentur,
1574 1816 1669 1848 missi

250 1866 374 1907 pulsati
394 1869 482 1897 sunt.
521 1864 560 1896 ob
579 1865 612 1896 id
633 1865 755 1896 bellum
776 1864 824 1895 eis
843 1864 1004 1896 indictum
1024 1868 1084 1895 est.
1123 1861 1287 1894 Samnites
1305 1860 1508 1893 defecerunt.
1549 1862 1670 1893 adver-

251 1922 307 1942 sus
326 1921 383 1943 eos
401 1916 434 1943 et
451 1911 605 1943 Lucanos
631 1915 663 1942 et
682 1910 824 1942 Brittios
850 1914 882 1941 et
901 1909 1065 1941 Etruscos
1091 1908 1219 1951 aliquot
1243 1907 1385 1950 procliis
1409 1918 1427 1939 a
1452 1907 1669 1949 conpluribus

252 1957 391 1988 ducibus
410 1957 494 1989 bene
512 1960 691 1999 pugnatum
710 1960 770 1987 est.
800 1955 962 1998 Pyrrhus,
982 1954 1198 1996 Epirotarum
1215 1963 1286 1994 rex,
1305 1958 1342 1985 ut
1359 1952 1524 1984 auxilium
1542 1952 1670 1984 Taren-

250 2002 331 2034 tinis
349 2001 465 2042 ferret,
484 2003 519 2034 in
536 2001 666 2034 Italiam
685 2001 788 2035 venit.
816 2012 888 2033 cum
907 2002 940 2033 in
958 2000 1163 2043 praesidium
1181 1998 1385 2040 Reginorum
1402 1998 1491 2039 legio
1506 1999 1668 2041 Campana

251 2059 323 2080 cum
353 2047 522 2089 praefecto
551 2048 652 2081 Decio
682 2046 830 2081 Vibellio
861 2046 963 2080 missa
993 2051 1094 2087 esset,
1123 2045 1247 2079 occisis
1276 2044 1414 2086 Reginis
1441 2043 1580 2086 Regium
1612 2056 1669 2076 00-

251 2094 399 2137 cupavit.

801 2327 870 2361 EX
896 2328 990 2361 LIB.
1015 2327 1123 2361 XIII.

341 2424 501 2458 Valerius
514 2422 682 2456 Laevinus
697 2422 813 2454 consul
832 2433 945 2464 parum
964 2432 1122 2464 prospere
1136 2421 1299 2454 adversus
1308 2420 1474 2462 Pyrrhum
1491 2419 1663 2462 pugnavit,

250 2471 500 2513 elephantorum
524 2469 665 2501 maxime
694 2468 856 2500 inusitata
886 2468 972 2499 facie
993 2467 1127 2499 territis
1153 2466 1329 2498 militibus.
1357 2469 1432 2508 post
1450 2465 1481 2497 id
1500 2465 1663 2507 proelium

250 2527 322 2547 cum
341 2527 482 2559 corpora
496 2515 728 2555 Romanorum,
746 2514 801 2557 qui
817 2514 849 2545 in
864 2514 937 2545 acic-
952 2513 1153 2552 ceciderant,
1172 2512 1323 2554 Pyrrhus
1341 2511 1535 2553 inspiceret,
1555 2512 1663 2543 omnia

250 2572 349 2594 versa
369 2563 404 2594 in
421 2563 549 2594 hostem
567 2560 707 2593 invenit.
746 2559 998 2602 populabundus
1024 2569 1126 2601 usque
1144 2559 1184 2590 ad
1202 2558 1317 2589 urbem
1334 2557 1511 2590 Romanam
1530 2567 1665 2598 proces—

251 2608 307 2639 sit.
334 2608 369 2640 C.
390 2607 568 2640 Fabricius
586 2607 708 2640 missus
725 2606 766 2638 ad
785 2615 856 2637 eum
874 2616 892 2637 a
914 2610 1042 2645 senatu,
1071 2610 1108 2637 ut
1132 2604 1171 2636 de
1200 2603 1402 2636 redimendis
1425 2602 1571 2644 captivis
1588 2612 1664 2644 age-

251 2659 312 2693 ret,
332 2654 471 2695 frustra,
490 2659 526 2686 ut
546 2653 688 2695 patriam
708 2653 891 2685 desereret,
911 2663 926 2682 a
950 2661 1025 2691 rcgc
1039 2654 1217 2692 temptatus
1236 2654 1296 2681 est.
1324 2648 1449 2691 captivi
1469 2648 1540 2680 sinc
1554 2647 1662 2691 pretio
