1763 2983
108 163 133 183 a.
153 155 203 182 Ch.
222 154 284 182 217.

108 264 177 299 ste.

561 155 686 189 LIBER
709 156 819 190 XXII.
852 155 943 189 CAP.
971 159 1000 190 Ἰ.
1027 158 1056 190 8.

1445 155 1524 198 167

235 263 332 310 quot
360 271 472 298 casus
499 259 690 298 exercitus
719 259 809 298 victi
837 262 1003 308 fuerant,
1032 265 1090 300 tot
1117 260 1160 299 in
1191 271 1304 299 curas
1335 259 1524 311 dispertiti
1548 268 1587 300 10

109 316 226 354 animi
257 327 396 354 eorum
425 321 544 363 erant,
573 327 744 366 quorum
765 317 977 368 propinqui
996 316 1069 356 sub
1093 317 1133 356 C.
1151 317 1342 356 Flaminio
1365 317 1525 356 consule

109 378 343 419 meruerant,
371 372 647 423 ignorantium,
678 384 775 423 quae
798 373 987 425 cuiusque
1019 386 1185 413 suorum
1216 375 1372 413 fortuna
1404 379 1524 420 esset;

109 441 183 468 nec
203 429 411 480 quisquam
432 428 521 467 satis
542 433 691 467 certum
712 428 835 476 habet,
860 430 953 480 quid
974 435 1039 469 aut
1059 436 1188 481 speret
1207 436 1272 469 aut
1282 430 1422 469 timeat.
1449 442 1524 481 po-
1547 440 1585 472 11

108 491 210 525 stero
242 497 285 523 ac
316 485 498 536 deinceps
529 485 675 536 aliquot
706 485 841 525 diebus
876 487 920 525 ad
948 492 1078 537 portas
1099 486 1221 525 maior
1242 499 1364 538 prope
1386 487 1525 526 mulie-

106 554 197 580 rum
222 553 338 592 quam
354 541 530 580 virorum
545 542 749 580 multitudo
767 542 879 589 stetit,
901 548 967 582 aut
985 555 1150 582 suorum
1165 543 1332 594 aliquem
1345 548 1526 582 autnun-

108 598 181 637 tios
213 598 260 636 de
283 597 329 636 iis
358 598 588 648 opperiens3
620 598 1113 650 circumfundebanturque
1132 599 1254 638 obviis
1278 600 1526 647 sciscitantes,

106 666 235 705 neque
261 654 380 701 avelli,
410 654 543 705 utique
564 654 610 694 ab
634 655 747 702 notis,
777 655 1006 706 priusquam
1032 656 1168 694 ordine
1188 656 1319 694 omnia
1338 656 1526 707 inquisis-

106 716 204 758 sent,
234 716 424 762 poterant.
464 711 555 750 inde
581 712 708 750 varios
729 712 858 751 vultus
881 712 1179 764 digredientium
1200 712 1246 751 ab
1269 713 1416 752 nuntiis
1439 725 1525 752 cer-
1549 725 1590 758 12

109 779 234 814 neres,
266 772 308 806 ut
339 767 478 818 cuique
498 768 593 806 laeta
613 774 678 807 aut
699 768 820 807 tristia
836 769 1124 816 nuntiabantur,
1146 769 1529 820 gratulantisque'aut

108 823 343 863 consolantis
367 824 620 863 redeuntibus
643 825 782 863 domos
806 825 1089 872 circumfusos3
1120 825 1357 864 feminarum
1377 826 1526 877 praeci-

106 892 184 931 pue
215 885 251 919 et
282 880 417 931 gaudia
446 880 610 931 insignia
641 887 752 920 erant
782 887 818 920 et
838 882 978 921 luctus.
1019 894 1138 920 unam
1157 882 1198 920 in
1220 882 1303 933 ipsa
1324 887 1435 933 porta
1458 895 1525 921 so-
1549 892 1587 925 13

107 937 196 988 spiti
218 937 295 975 filio
320 942 479 987 repente
501 937 666 976 oblatam
688 938 728 976 in
752 938 945 989 conplexu
968 938 1050 977 eius
1075 939 1270 989 expirasse
1293 940 1446 985 ferunt3
1469 940 1525 977 al-

104 998 238 1040 teram,
268 993 329 1031 cui
354 1005 461 1032 mors
482 994 534 1032 fili
554 995 650 1033 falso
674 995 848 1033 nuntiata
868 1001 959 1042 erat,
991 1001 1175 1034 maestam
1200 996 1399 1034 sedentem
1421 996 1528 1035 domi

103 1050 151 1088 ad
178 1050 350 1100 primum
376 1056 630 1101 conspectum
651 1051 848 1090 redeuntis
871 1052 923 1090 fili
946 1052 1084 1103 gaudio
1109 1052 1228 1090 nimio
1251 1052 1520 1091 exanimatam.

104 1112 282 1145 senatum
312 1113 509 1157 praetores
532 1119 602 1158 per
623 1107 704 1146 dies
726 1108 873 1159 aliquot
891 1108 936 1147 ab
958 1113 1043 1147 orto
1068 1121 1193 1159 usque
1212 1109 1259 1147 ad
1284 1109 1525 1148 occidentem
1550 1119 1590 1151 14

103 1162 226 1202 solem
253 1163 293 1201 in
324 1163 430 1201 curia
457 1163 636 1211 retinent,
668 1165 941 1212 consultantes,
973 1177 1145 1216 quonam
1177 1166 1276 1204 dure
1296 1171 1361 1204 aut
1382 1165 1525 1217 quibus

104 1219 223 1271 copiis
247 1219 372 1258 resisti
395 1219 605 1260 victoribus
627 1220 769 1260 Poenis
791 1227 933 1272 posset.
954 1265 957 1269 Α

215 1275 449 1326 Priusquam
475 1277 563 1316 satis
595 1283 697 1317 certa
718 1278 877 1317 consilia
900 1283 1039 1325 essent,
1070 1290 1212 1330 repens
1232 1278 1303 1317 alia
1322 1279 1524 1318 nuntiatur
1547 1279 1574 1319 8

102 1444 123 1486 ξ
152 1446 194 1478 14
232 1445 317 1476 auch
344 1443 377 1475 in
410 1444 469 1477 der
491 1444 588 1476 Stadt
613 1445 675 1487 ist,
720 1456 779 1488 ge-

101 1490 250 1530 schieht,
285 1500 310 1522 s.
344 1491 406 1531 23,
444 1492 505 1531 24,
538 1493 565 1524 1.
609 1509 654 1513 —-
694 1495 778 1532 victi,

103 1535 222 1569 ebenso
269 1534 359 1575 ΡοΙ.;
405 1534 504 1577 ΡΙιιῐ.,
555 1533 779 1581 νενικήμεθα

100 1579 241 1628 μεγάλη
276 1577 376 1627 μάχῃ
402 1582 463 1614 καὶ
488 1582 714 1629 διέφθαρται
740 1581 777 1615 τὸ

102 1617 354 1673 στρατόπεδον
369 1628 429 1660 καὶ
450 1628 659 1673 Φλαμίνιος
682 1626 779 1662 ι’ἶπα-

102 1684 164 1710 τος
189 1668 389 1705 ἀπόλωλεν.
410 1691 455 1694 -
471 1680 546 1714 quot
562 1685 634 1705 cas..
654 1674 706 1706 die
724 1673 744 1716 ξ
759 1676 778 1707 9

102 1722 298 1759 genannten.
339 1735 384 1739 —
425 1720 571 1759 dispert.,
606 1718 696 1751 viell.
735 1719 780 1751 ist

103 1765 248 1796 distracti
264 1774 304 1794 zu
320 1763 420 1795 lesen.
434 1781 476 1786 —
491 1767 593 1806 quisq.
613 1765 779 1797 zwischen

104 1809 175 1841 dem
203 1808 311 1841 Relat.
339 1820 369 1840 u.
398 1808 571 1850 Ressexiv.,
597 1821 622 1842 s.
653 1812 691 1851 6,
724 1813 778 1852 25,

103 1856 135 1896 9,
161 1854 228 1895 vgl.
254 1855 309 1895 32,
334 1856 384 1894 19,
412 1856 441 1888 9.

152 1901 293 1933 11—13.
330 1902 473 1940 deinceps
498 1900 686 1941 attributiv,
714 1902 779 1934 wie

104 1946 161 1977 das
187 1946 445 1988 entsprechende
467 1953 595 1986 postero
620 1947 727 1989 zeigt,
753 1959 778 1980 s.

103 2001 129 2022 c.
161 1992 211 2031 17,
243 1992 281 2034 3;
312 1993 366 2031 21,
397 1993 449 2030 52,
480 1995 517 2033 ὃς
546 1994 576 2033 3,
606 1993 660 2033 39,
687 1992 777 2036 4321,

104 2036 166 2075 39,
205 2038 234 2069 3.
281 2036 349 2068 Zur
372 2036 476 2069 Sache
503 2037 573 2069 Pol.
602 2048 630 2070 c.
659 2041 720 2079 85,
758 2041 777 2073 9

103 2079 188 2112 fasst
222 2081 279 2112 das
315 2080 336 2122 ξ
365 2084 495 2116 10-13
523 2082 667 2124 Gesagte
695 2085 778 2116 kurz

103 2136 306 2158 zusammen:
333 2124 375 2159 οὗ
401 2131 555 2172 μετρίως
580 2127 668 2162 οὐδὲ
686 2129 777 2163 κατὰ

102 2172 225 2216 σχῆμα
245 2169 307 2213 τὴν
324 2175 560 2217 περιπέτειαν
578 2172 721 2221 ἔφερον.
735 2195 779 2199 -

102 2218 321 2258 circumfund.
352 2217 458 2259 und§
490 2220 527 2251 12
559 2222 777 2263 circumfusos,

102 2273 128 2295 s.
158 2265 216 2303 10,
252 2265 313 2303 25,
349 2265 380 2297 6.
427 2263 535 2296 Ueber
571 2265 628 2296 das
653 2265 778 2308 imperf.

103 2308 188 2340 nach
212 2311 294 2341 stetit
320 2319 345 2340 S.
373 2319 400 2340 c.
419 2312 448 2348 5,
476 2312 687 2344 ss.—-ordine
702 2316 777 2353 etc„

104 2354 135 2393 3,
163 2356 215 2394 50,
241 2356 272 2388 4.
301 2357 482 2396 ——priusq.
500 2374 544 2378 ——
565 2358 695 2397 inquis„
721 2358 779 2389 der

104 2398 209 2439 Conj.,
236 2400 301 2441 vgl.
330 2411 369 2432 zu
395 2402 448 2440 23,
484 2402 537 2441 30,
565 2404 597 2441 4,
625 2402 702 2434 weil
726 2403 779 2435 die

103 2443 242 2476 Absieht
280 2446 338 2478 der
381 2445 537 2487 Subjeete
588 2447 780 2480 bezeichnet

104 2490 238 2522 werden
272 2492 352 2523 soll:
394 2492 442 2524 sie
474 2491 709 2535 wolltenjerst
734 2512 779 2516 -

104 2534 207 2567 bevor
231 2547 262 2568 u.
288 2548 312 2569 s.
337 2548 398 2578 w.‚
432 2548 457 2570 s.
483 2549 522 2570 zu
553 2540 615 2579 24,
652 2540 711 2579 18,
738 2541 777 2580 9;

105 2580 169 2613 Cic.
198 2580 288 2615 Fam.
333 2585 390 2624 11,
430 2585 480 2625 13,
520 2585 547 2618 1.
576 2602 620 2607 ——
648 2587 780 2628 qaudz'a,

848 1446 1102 1488 Aeusserungen
1120 1447 1178 1479 der
1198 1446 1266 1489 Fr.,
1285 1448 1339 1488 21,
1359 1449 1414 1488 43,
1435 1449 1464 1480 3.
1484 1465 1530 1470 -

848 1495 1012 1533 conplexu,
1050 1492 1125 1525 Val.
1151 1492 1240 1525 Max.
1274 1495 1305 1533 9,
1343 1494 1395 1534 12,
1428 1495 1458 1526 2.
1485 1512 1530 1516 -—

849 1545 996 1570 maestam
1013 1541 1086 1579 sed„
1110 1540 1164 1578 21,
1180 1540 1212 1579 4,
1228 1541 1265 1577 ’ῖς
1284 1541 1313 1578 1,
1333 1540 1386 1579 21,
1406 1540 1433 1572 1.
1462 1538 1531 1571 Zur

848 1583 952 1615 Sache
978 1582 1061 1615 Plin.
1088 1586 1119 1624 7,
1147 1585 1200 1625 53,
1233 1585 1314 1618 180:
1349 1591 1449 1617 mater
1471 1587 1528 1617 illa

848 1631 1060 1661 Cannensi
1100 1632 1176 1670 filio
1224 1632 1379 1662 incolumi
1426 1634 1528 1663 reviso

848 1681 958 1707 contra
1009 1676 1137 1716 falsum
1198 1678 1350 1708 nuntiam
1398 1677 1525 1718 (qaudio

848 1722 946 1760 obiit),
966 1720 1000 1752 in
1020 1721 1164 1753 dieselbe
1184 1720 1260 1753 Zeit
1280 1721 1365 1752 wird
1389 1721 1473 1754 Gell.
1495 1724 1527 1762 3,

852 1768 911 1806 15,
950 1768 971 1799 4
1002 1766 1060 1798 das
1084 1766 1254 1808 Ereigniss
1293 1771 1450 1799 versetzt.
1485 1785 1529 1790 —

842 1818 1018 1851 praetores,
1042 1812 1108 1843 wol
1135 1812 1192 1844 der
1217 1823 1265 1855 pr.
1291 1812 1362 1844 urb.
1384 1813 1450 1844 und
1470 1813 1530 1845 der

848 1857 1052 1899 peregrinus,
1086 1868 1110 1889 s.
1137 1867 1163 1889 c.
1193 1860 1246 1898 55,
1285 1860 1312 1891 1.
1342 1876 1386 1881 —-
1411 1861 1525 1900 quibus

849 1913 932 1943 cop„
967 1903 1019 1935 die
1055 1903 1172 1935 besten
1196 1903 1268 1936 Hss.
1296 1903 1404 1936 haben
1429 1906 1527 1944 copiis

847 1950 978 1990 quibus,
1013 1959 1084 1981 was
1119 1948 1190 1980 sich
1215 1949 1251 1981 L.
1277 1949 1371 1981 viell.
1397 1950 1529 1982 erlaubt

848 1995 916 2034 hat,
947 1995 1014 2035 vgl.
1036 1996 1091 2035 42,
1132 1996 1183 2035 19,
1218 1996 1256 2035 33
1293 1997 1322 2035 1,
1349 1997 1464 2037 26,1;
1496 1998 1528 2037 7,

895 2082 931 2121 8.
980 2084 1179 2126 Niederlage
1220 2085 1276 2117 des
1330 2085 1528 2126 Centenius;

846 2130 1092 2172 Anordnungen
1120 2131 1153 2162 in
1180 2130 1270 2162 Rom.
1306 2130 1375 2163 Pol.
1402 2133 1434 2172 3,
1463 2133 1525 2172 863

847 2177 928 2219 App.
941 2176 1044 2208 Hann.
1059 2178 1078 2209 9
1090 2176 1130 2217 f.;
1148 2176 1228 2208 Zon.
1247 2177 1278 2216 8,
1302 2179 1363 2217 253
1383 2176 1479 2209 Corn.
1495 2180 1526 2210 4.

897 2224 924 2255 1.
950 2234 1062 2262 repens
1085 2223 1172 2254 kann
1192 2223 1276 2254 auch
1294 2222 1367 2254 hier
1384 2223 1433 2254 als
1453 2223 1524 2254 Ad-

844 2266 924 2308 ject.
955 2278 1145 2309 genommeu
1173 2268 1318 2307 werden,
1350 2268 1413 2300 wie
1441 2279 1466 2300 c.
1494 2270 1524 2307 7,

848 2315 877 2346 7.
922 2314 980 2345 Die
1008 2314 1109 2345 durch
1135 2325 1201 2354 rep.
1231 2318 1293 2346 etc.
1319 2312 1527 2354 eingeffihrte

848 2358 1129 2400 Unterbrechung,
1158 2370 1183 2391 s.
1208 2360 1262 2399 21,
1291 2361 1344 2398 57,
1369 2360 1420 2399 13,
1439 2358 1528 2390 trifft

847 2404 940 2436 nicht
967 2405 1095 2436 sowohl
1124 2405 1175 2436 die
1205 2404 1239 2435 in
1258 2406 1452 2445 priusquam
1476 2416 1525 2436 es-

848 2457 914 2482 sent
949 2450 1161 2482 bezeichnete
1196 2449 1289 2488 Zeit,
1323 2449 1372 2480 als
1407 2449 1458 2481 die
1491 2449 1525 2481 in

848 2495 1020 2528 derselben
1070 2495 1292 2536 angestellten
1337 2495 1523 2526 Berathun-

848 2551 919 2581 gen.
976 2541 1036 2573 Die
1064 2540 1246 2572 Nachricht
1279 2541 1354 2572 kam
1389 2542 1407 2573 3
1435 2539 1526 2581 Tage

847 2587 931 2618 nach
956 2587 1014 2618 der
1039 2586 1197 2618 Schlacht
1223 2587 1307 2617 nach
1332 2585 1424 2627 Rom,
1452 2585 1521 2618 Pol.
