1763 2983
88 160 112 179 a.
132 151 183 178 Ch.
203 150 262 177 310.

562 149 686 182 LlBER
712 149 772 182 IX.
809 148 900 182 CAP.
926 149 978 182 34.
998 150 1051 182 35.

88 264 167 292 non
191 253 308 291 modo
332 264 448 292 manu
471 252 674 297 violatum,
703 252 769 290 sed
793 264 841 291 ne
863 252 979 291 verbo
1003 253 1156 303 quidem
1179 252 1459 293 inclementiori
1481 266 1501 292 a

88 322 149 348 me
171 310 402 361 appellatum
424 309 581 355 vellem3
609 309 676 347 sed
704 314 743 347 et
770 309 883 355 haec,
914 322 1011 360 quae
1037 311 1163 349 adhuc
1183 310 1261 361 egi,
1291 309 1498 362 pervicacia
1526 316 1568 348 24

87 371 152 405 tua
181 372 218 405 et
238 366 415 417 superbia
439 365 563 416 coegit
594 377 656 403 me
685 365 807 415 loqui.
837 370 894 412 et,
923 366 997 404 nisi
1020 367 1200 405 Aemiliae
1222 367 1293 419 legi
1316 367 1503 418 parueris

1425 150 1506 190 345

87 423 125 461 in
144 422 293 462 vincula
315 422 401 461 duci
424 422 577 468 iubebo,
600 433 685 468 nec,
708 434 796 460 cum
819 422 869 460 ita
891 428 1143 473 conparatum
1166 437 1185 462 a
1204 424 1417 463 maioribus
1440 423 1499 469 sit,
1526 433 1568 465 25

86 485 128 518 ut
149 479 315 518 comitiis
338 478 537 518 censoriis.
559 478 634 516 nisi
657 478 732 517 duo
756 478 995 517 confecerint
1024 479 1190 531 legitima
1212 481 1399 531 suffragia,
1421 492 1499 519 non

85 536 305 575 renuntiato
334 536 455 575 altero
487 535 639 574 comitia
669 535 910 581 differantur,
940 547 1009 585 ego
1040 541 1097 579 te,
1135 536 1199 587 qui
1229 538 1335 576 solus
1365 548 1502 576 censor

87 591 208 631 creari
236 603 315 631 non
344 592 489 642 possis,
517 592 642 630 solum
673 603 875 641 censuram
905 604 1035 642 gerere
1070 593 1173 642 [non]
1202 594 1366 644 patiar.“
1410 594 1505 632 haec
1531 604 1572 636 26

85 649 247 700 taliaque
269 661 358 688 cum
382 648 557 695 dixisset,
588 649 726 699 prendi
749 660 948 687 censorem
972 654 1009 687 et
1030 649 1068 687 in
1090 649 1235 689 vincula
1263 650 1350 689 duci
1374 649 1496 689 iussit.

85 705 387 756 adprobantibus
409 717 475 744 sex
496 705 662 744 tribunis
685 705 876 743 actioncm
900 705 1067 756 collegae
1089 711 1170 745 tres
1193 706 1398 757 appellanti
1419 707 1498 758 Ap—

85 762 148 813 pio
176 762 314 801 auxilio
346 762 524 809 fuerunt3
552 774 783 813 summaque
811 762 950 800 invidia
983 762 1158 802 omnium
1183 763 1363 802 ordinum
1394 765 1499 802 solus

85 831 289 858 censuram
313 819 443 869 gessit.

198 876 297 914 Dum
320 888 361 913 ea
384 875 529 914 Romae
549 880 754 927 geruntur.
785 875 859 914 iam
884 875 1057 914 Sutrium
1082 876 1128 914 al)
1150 876 1323 915 Etruscis
1346 876 1499 915 obside·
1526 879 1579 918 35

84 934 215 979 batur,
253 932 479 983 consulique
510 932 627 971 Fabio
668 932 755 971 imis

791 932 991 971 montibus
1028 933 1182 971 ducenti
1218 934 1263 972 ad
1299 934 1500 972 ferendam

86 1002 199 1041 opem
237 990 350 1028 sociis
377 990 702 1040 temptandasque
739 989 997 1033 munitiones,
1037 989 1067 1027 si
1107 1003 1179 1041 qua
1216 996 1364 1041 posset,
1401 990 1499 1028 acies

84 1046 253 1085 hostium
276 1046 459 1084 instructa
483 1046 670 1093 occurrit,
695 1057 860 1096 quorum
884 1046 1076 1097 ingentem
1100 1047 1386 1085 multitudinem
1411 1059 1498 1085 cum

87 1103 305 1141 ostenderet
330 1101 502 1141 subiecta
531 1103 605 1141 late
642 1102 835 1153 planities,
874 1103 1029 1149 consul,
1071 1109 1114 1142 ut
1149 1103 1233 1143 loco
1270 1103 1503 1155 paucitatem

87 1171 248 1198 suorum
277 1158 492 1205 adiuvaret,
526 1159 646 1197 flectit
674 1159 872 1210 paululum
903 1159 941 1197 in
971 1159 1085 1198 clivos
1118 1172 1255 1210 agmen
1277 1184 1331 1187 —
1353 1166 1504 1211 aspreta

86 1221 194 1254 erant
229 1220 347 1254 strata
383 1215 482 1254 saxis
510 1239 582 1261 —,
620 1215 708 1254 inde
735 1215 840 1266 signa
869 1216 909 1254 in
936 1216 1089 1254 hostem
1118 1216 1294 1255 obvertit.

1350 1216 1501 1255 Etrusci

87 1271 262 1310 omnium
284 1276 555 1323 praeterquam
577 1272 838 1311 multitudinis
861 1284 964 1319 suae,
989 1285 1062 1323 qua
1082 1273 1162 1311 sola
1183 1273 1270 1311 freti
1292 1278 1412 1318 erant,
1440 1273 1500 1311 in-

87 1340 280 1367 memores
303 1328 497 1379 proelium
519 1328 654 1367 ineunt
676 1328 770 1367 adeo
793 1328 932 1379 raptim
956 1334 993 1367 et
1014 1329 1139 1376 avide,
1162 1334 1206 1368 ut
1227 1329 1383 1368 abiectis
1405 1329 1500 1368 mis-

88 1518 150 1545 tus.
176 1532 218 1536 —
241 1513 395 1555 gessisti,
419 1512 451 1543 in
472 1511 582 1553 Bezug
607 1511 666 1545 auf
687 1514 758 1545 exii

88 1558 107 1599 ξ
128 1559 184 1590 22:
203 1558 254 1590 die
273 1558 314 1589 du
332 1557 461 1590 seither
478 1569 510 1589 u.
529 1568 554 1589 s.
574 1567 615 1589 w.
636 1577 678 1581 —
694 1568 756 1601 pa-

87 1614 189 1645 ruer„
207 1605 241 1634 in
255 1602 392 1644 vinad„
411 1613 507 1635 wenn
527 1613 563 1635 er
577 1603 629 1636 die
643 1602 757 1635 Amts-

88 1648 278 1690 befuguisse
292 1648 551 1688 iiberschreitet,
570 1653 664 1680 sonst
682 1649 757 1680 sind

87 1694 139 1726 die
165 1694 333 1726 Censoren
360 1693 392 1725 in
419 1694 511 1725 ihrer
536 1694 758 1735 Verwaltung

87 1738 428 1779 unverantwortlich,
469 1749 495 1770 s.
526 1739 584 1778 29,
609 1739 669 1779 37,
699 1740 757 1779 173

87 1784 215 1816 Becker
232 1785 264 1823 2,
282 1785 312 1824 2,
335 1784 407 1823 197,
426 1784 529 1816 daher
547 1784 589 1815 ist
602 1786 758 1827 parueris

89 1827 148 1861 aus
161 1830 223 1860 den
232 1828 378 1861 Moment
392 1840 432 1860 zu
449 1829 619 1871 beziehen,
637 1840 689 1861 wo
704 1830 757 1861 die

88 1875 291 1914 gesetzliehe
331 1874 408 1906 Zeit
449 1874 643 1915 abgelaufen
685 1875 756 1907 sein

88 1920 183 1952 wird.
207 1938 248 1942 —
273 1921 450 1959 censoriis,
494 1920 755 1952 Centuriatcom.

87 1965 216 2007 confec.
241 1965 304 2007 leg.
333 1966 448 2007 suffr„
474 1965 527 1997 die
554 1965 756 2005 gesetzliche

88 2011 171 2042 Zahl
184 2021 248 2042 von
260 2010 605 2051 Centurienstimmen,
621 2011 674 2042 die
686 2010 757 2042 Ma-

84 2055 223 2097 jor-itiit,
243 2056 420 2096 erlangen,
438 2055 551 2096 Lange
569 2056 600 2097 2,
619 2057 696 2088 427.
714 2076 756 2079 —-

89 2111 153 2133 non
178 2111 245 2133 ren.
271 2106 347 2141 etc„
373 2101 424 2133 sie
447 2106 594 2133 mussten
628 2112 757 2133 zusam-

88 2157 160 2178 men
189 2146 376 2178 renuntiirt
405 2147 556 2188 werden,
587 2147 665 2179 weil
698 2148 757 2179 der

91 2191 163 2223 Fau
187 2191 278 2223 hiitte
315 2192 484 2223 eiutreten
510 2191 651 2231 konnen,
680 2193 756 2224 dass

89 2236 141 2268 die
154 2236 255 2269 Wahl
272 2237 330 2268 des
345 2237 487 2268 zwciten
503 2237 595 2268 nicht
608 2249 648 2269 zu
659 2238 756 2269 Stan-

89 2282 126 2313 de
146 2282 231 2323 kain,
256 2292 292 2313 so
311 2282 385 2313 dass
406 2283 465 2314 der
483 2283 583 2314 sehon
601 2282 621 2323 ξ
645 2284 680 2315 17
701 2283 756 2315 bc-

89 2327 203 2359 riihrte
231 2326 421 2359 Grundsatz
451 2329 597 2360 vcrletzt
620 2330 754 2360 worden

90 2373 195 2413 w'arc,
230 2383 255 2404 s.
281 2372 392 2414 Lange
423 2376 456 2413 1,
486 2373 581 2405 5731'.
617 2393 658 2396 —
692 2385 755 2405 ηοη

91 2418 220 2449 schcint
234 2428 293 2449 aus
308 2419 379 2449 dem
390 2419 594 2459 Vorhergeh.
612 2419 755 2451 wieder-

89 2463 175 2505 holt,
206 2463 258 2495 die
283 2463 448 2504 Negation
481 2464 565 2505 liegt
595 2465 696 2497 schon
720 2465 753 2496 in

89 2511 313 2551 nec—patiar.
332 2529 373 2532 -—
393 2509 516 2553 prendi
529 2513 559 2541 et
576 2512 596 2541 ι’.
616 2519 643 2541 v.
663 2510 705 2550 d„
728 2522 753 2542 s.

90 2553 252 2594 2,56‚13;
273 2555 303 2596 3,
318 2555 372 2595 56,
390 2556 427 2596 43
448 2555 574 2587 Becker
588 2556 617 2597 2,
637 2555 754 2597 2,284.

830 1512 1041 1554 Ungeachtet
1055 1513 1115 1545 der
1127 1512 1297 1555 Drohung,
1315 1514 1378 1545 und
1394 1514 1501 1546 selbst

829 1569 926 1590 wenn
951 1559 998 1590 sie
1024 1557 1222 1599 ausgefiihrt
1243 1560 1379 1590 worden
1397 1559 1499 1599 w'are,

828 1604 921 1635 hatte
944 1604 1070 1646 Appius
1097 1609 1167 1636 erst
1199 1604 1305 1636 selbst
1329 1604 1401 1636 sein
1424 1605 1500 1636 Amt

830 1649 1043 1690 niederlegen
1062 1650 1212 1691 miissen,
1240 1660 1265 1681 S.
1286 1661 1313 1682 c.
1334 1651 1385 1690 33,
1406 1650 1444 1690 4;
1470 1651 1499 1692 2,

831 1695 860 1734 2,
883 1695 932 1727 10.
952 1713 994 1717 ——
1012 1694 1135 1737 appell„
1157 1705 1186 1726 c.
1207 1695 1259 1737 26,
1282 1695 1331 1728 10.
1345 1697 1501 1727 -cmoei-

828 1740 887 1782 lio,
907 1741 945 1781 4,
970 1739 1032 1779 48,
1059 1741 1116 1780 15;
1142 1740 1233 1772 diese
1258 1741 1331 1772 drei
1354 1741 1498 1780 geho'ren

829 1786 902 1816 also
927 1796 986 1816 zur
1004 1784 1119 1817 Partei
1144 1786 1202 1817 des
1219 1785 1364 1828 Appius,
1390 1797 1416 1818 c.
1438 1786 1498 1826 463

829 1831 941 1871 Lange
961 1831 990 1869 2,
1009 1831 1136 1862 368.-
1150 1833 1296 1862 omnium
1316 1830 1397 1872 ord„
1417 1832 1500 1863 auch

830 1876 882 1907 die
904 1875 1064 1915 humiles,
1089 1886 1114 1907 s.
1133 1886 1161 1907 c.
1179 1876 1239 1915 46,
1268 1876 1299 1907 ll
1318 1888 1325 1916 3
1345 1876 1405 1918 33,
1430 1877 1447 1908 5
1466 1888 1498 1908 u.

829 1933 869 1952 zu
887 1932 913 1953 c.
934 1921 988 1962 30,
1009 1921 1042 1961 13
1062 1921 1156 1953 Nieb.
1180 1922 1208 1962 1,
1227 1921 1303 1953 512.

875 2005 1042 2044 35-37.
1062 2010 1498 2053 Hriegqutrurien,Di0d.

829 2057 881 2097 20,
901 2058 959 2098 353
978 2057 1130 2089 Frontin.
1149 2057 1250 2089 Strat.
1274 2060 1300 2095 1,
1320 2058 1350 2098 2,
1370 2057 1400 2088 2.

878 2105 972 2134 1—4.
1014 2105 1083 2134 iam
1107 2106 1170 2134 etc.
1190 2102 1308 2145 kniipft
1337 2114 1377 2135 an
1397 2114 1423 2134 c.
1444 2104 1498 2143 33,

833 2148 843 2179 1
868 2159 918 2180 an.
953 2168 994 2171 ——
1024 2148 1144 2185 Fabio,
1163 2149 1246 2179 nach
1263 2148 1356 2179 Diod.
1376 2147 1496 2180 liefern

798 2207 801 2209 ·
830 2193 925 2225 beide
958 2193 1102 2225 Consuln
1136 2193 1228 2225 diese
1261 2193 1427 2225 Schlacht.
1457 2213 1497 2216 ——

829 2239 1010 2278 ostender„
1030 2240 1059 2279 7,
1081 2238 1130 2278 12,
1151 2239 1179 2269 3.
1198 2258 1239 2262 —-
1257 2239 1406 2270 subiecta
1423 2239 1498 2279 late,

829 2284 881 2315 die
899 2289 999 2316 unten
1020 2284 1063 2323 (in
1084 2284 1193 2325 Bczug
1210 2284 1362 2315 :infimis
1379 2286 1499 2316 monii-

829 2330 902 2369 bzcs)
927 2330 999 2360 sich
1025 2330 1105 2361 wcit
1129 2329 1406 2370 liinsti·cck‹.nde;
1433 2329 1498 2360 late

831 2374 873 2406 ist
892 2374 1178 2406 unmiuolbarmit
1196 2376 1341 2406 sublecta
1355 2374 1498 2406 verbun-

830 2420 901 2457 den,
921 2420 1081 2452 wiihrend
1108 2431 1181 2452 inan
1205 2420 1302 2451 dabci
1323 2420 1418 2451 einen
1438 2419 1498 2451 Be-

828 2465 910 2506 griff
916 2466 980 2497 wie
986 2469 1124 2509 patente
1133 2470 1498 2507 e1·xx<111·t‹=1e.ffaspre-

827 2513 872 2551 ta,
890 2522 918 2542 c.
938 2511 990 2551 24,
1010 2512 1039 2551 6,
1058 2512 1124 2552 vgl.
1147 2511 1174 2550 1,
1195 2512 1224 2549 4,
1244 2512 1494 2549 5,-οηιηίιινη,

831 2558 858 2597 1,
878 2556 932 2597 53,
952 2557 980 2589 1.
1008 2576 1049 2580 —
1075 2557 1214 2588 abiectis
1232 2560 1307 2596 cto,
1332 2567 1358 2587 c.
1390 2555 1438 2595 13,
1466 2555 1495 2586 2.

1551 1058 1568 1076 ·)

1551 1226 1569 1257 3
