1763 2983
210 167 296 210 380

631 165 757 200 LIBER
781 165 908 200 XXIII.
944 165 1037 199 CAP.
1063 168 1116 201 44.
1142 168 1198 201 45.

1484 173 1510 192 a.
1527 173 1556 191 n.
1575 164 1638 195 539.

213 277 434 321 castraque:
466 282 511 309 eo
541 270 663 321 spatio
697 292 751 297 —
784 276 820 309 et
851 275 942 308 sunt
977 269 1107 309 omnia
1137 270 1263 320 campi
1292 269 1391 308 circa
1417 270 1552 309 Nolam
1576 292 1632 299 -

171 335 193 368 8
213 332 509 367 concurrerunt.

561 327 707 365 clamor
739 339 785 365 ex
814 331 923 377 parte
952 333 1116 377 utraque
1146 326 1320 365 sublatus
1351 327 1554 377 proximos
1585 338 1632 365 ex

213 384 440 422 cohortibus
468 383 523 430 is,
559 396 658 434 quae
687 383 727 422 in
758 396 870 434 agros
896 383 1124 433 praedatum
1155 383 1344 429 exierant,
1375 383 1421 422 ad
1442 382 1635 434 proelium

175 448 194 480 9
214 441 290 479 13111
313 440 568 479 commissum
594 440 800 479 revocavit.
831 446 867 478 et
887 439 1025 478 Nolani
1046 439 1168 478 aciem
1189 440 1406 479 Romanam
1429 444 1632 486 auxerunt,

215 509 315 548 quos
349 497 596 536 conlaudatos
619 497 818 535 Marcellus
846 496 886 534 in
917 495 1098 535 subsidiis
1126 501 1225 535 stare
1256 502 1293 535 et
1312 496 1464 535 saucios
1486 508 1532 535 ex
1553 495 1632 534 acie

130 549 193 589 45
215 555 352 592 efferre
374 554 497 601 iussit,
517 565 647 605 pugna
667 553 870 599 abstinere,
893 553 933 591 ni
953 552 999 591 ab
1017 565 1056 591 se
1069 552 1224 603 signum
1236 553 1484 604 accepissent.
1510 553 1633 591 Proe-

213 611 309 649 lium
341 616 420 649 erat
450 622 613 661 anceps:
644 622 797 649 summa
817 609 854 648 vi
875 615 911 648 et
930 609 1048 648 (luces
1070 609 1324 648 hortabantur
1339 615 1375 649 et
1396 610 1534 648 milites
1558 621 1633 660 pu-

214 667 392 718 gnabant.
443 667 644 706 Marcellus
666 667 772 706 victis
795 666 1003 705 antediem
1026 666 1193 713 tertium,
1220 666 1359 717 fugatis
1380 671 1467 705 ante
1488 677 1632 717 paucos
1680 691 1684 700 ι

213 724 293 763 dies
323 736 344 763 a
376 724 529 770 Cumis,
574 724 695 774 pulsis
726 723 857 774 priore
887 734 989 761 anno
1020 722 1065 761 ab
1093 723 1188 761 Nola
1217 722 1263 761 ab
1285 723 1434 761 eodem
1465 735 1505 761 56
1536 722 1635 761 duce

172 789 192 820 2
215 781 330 819 milite
361 781 433 819 alio
463 781 607 819 instare
636 780 755 819 iubet.

815 792 896 818 non
928 779 1056 818 omnis
1088 791 1171 817 esse
1200 779 1240 817 in
1269 780 1370 826 acie3
1416 779 1636 830 praedantis

212 837 341 888 vagari
360 837 401 876 in
421 850 536 888 agro3
558 843 594 876 et
615 837 682 888 qui
699 842 886 888 pugnent,
908 848 1079 874 marcere
1092 836 1285 886 Campana
1305 836 1467 882 luxuria,
1488 836 1577 874 vino
1602 841 1638 874 et

172 899 192 930 3
213 894 351 933 scortis
383 894 646 944 omnibusque
668 893 797 932 lustris
829 905 898 944 per
928 899 1047 931 totam
1070 893 1238 931 hiemem
1260 895 1471 931 confectos.
1512 892 1636 931 abisse

211 951 316 990 illam
336 951 414 989 vim
436 951 700 1002 vigoremque,
724 950 868 1000 dilapsa
888 962 971 988 esse
992 949 1133 987 robora
1155 961 1367 1000 corporum
1390 949 1634 988 animorum-

213 1007 474 1058 que,<quibus
504 1007 693 1058 Pyrenaei
723 1007 957 1057 Alpiumque
988 1011 1167 1056 superata
1197 1006 1273 1044 sint
1299 1006 1397 1056 iuga.

1456 1006 1636 1056 reliquias

171 1070 194 1101 4
211 1064 368 1103 illorum
388 1065 565 1102 virorum
596 1064 657 1101 vix
689 1075 796 1101 arma
817 1062 1070 1112 membraque
1093 1062 1317 1100 sustinentis
1338 1074 1524 1113 pugnare.
1564 1061 1637 1100 Ca-

212 1133 331 1172 puam
352 1120 557 1159 Hannibali
588 1121 738 1159 Cannas
770 1119 901 1158 fuisse.
946 1118 998 1157 ibi
1027 1119 1211 1157 virtutem
1236 1118 1421 1166 bellicam,
1451 1118 1504 1156 ibi
1536 1118 1637 1156 mili-

214 1185 335 1216 tarem
356 1177 610 1229 disciplinam,
636 1176 689 1215 ibi
711 1176 904 1227 praeteriti
926 1175 1113 1226 temporis
1134 1177 1288 1221 famam,
1314 1175 1367 1213 ibi
1386 1187 1497 1226 spem
1517 1175 1639 1214 futuri

174 1243 193 1274 5
214 1235 432 1273 extinctam.
475 1246 565 1272 cum
596 1234 690 1272 haec
720 1233 995 1283 exprobrando
1019 1232 1120 1271 hosti
1139 1233 1341 1271 Marcellus
1373 1243 1538 1270 suorum
1561 1232 1637 1270 mi-

211 1291 321 1330 litum
341 1291 493 1329 animos
519 1291 693 1341 erigeret,
715 1289 904 1328 Hannibal
925 1289 1045 1327 multo
1071 1288 1312 1339 gravioribus
1334 1289 1488 1339 probris
1507 1288 1637 1327 incre-

173 1360 193 1392 5
213 1347 345 1399 pabat:
376 1360 481 1386 arma
512 1348 697 1399 signaque
728 1347 859 1385 eadem
882 1358 921 1385 se
943 1357 1118 1392 noscere,
1150 1357 1247 1396 quae
1269 1345 1315 1383 ad
1338 1345 1518 1384 Trebiam
1539 1345 1636 1383 Tra-

213 1416 543 1454 sumennumque,
566 1410 765 1454 postremo
788 1403 834 1442 ad
856 1403 1005 1442 Cannas
1029 1402 1454 1452 viderithabueritque3
1476 1402 1636 1441 militem

211 1462 331 1500 alium
362 1463 537 1512 profecto
567 1473 607 1499 se
637 1461 678 1499 in
709 1460 871 1498 hiberna
893 1459 1063 1510 Capuam
1087 1459 1255 1506 duxisse,
1287 1459 1403 1498 alium
1424 1458 1515 1497 inde
1539 1458 1637 1497 edu—

210 1598 332 1636 omm'a,
361 1597 414 1633 21,
440 1597 494 1629 32,
521 1598 550 1629 9.
568 1613 611 1617 —
629 1597 742 1636 campi,
769 1595 889 1626 ssaehes

214 1642 317 1674 Laud.
337 1659 381 1664 -—
400 1652 437 1673 ex
460 1643 587 1681 colzort„
609 1641 691 1672 nach
709 1641 891 1671 romischer

214 1688 452 1728 Bezeichnung,
478 1697 574 1719 wenn
611 1686 702 1717 nicht
729 1686 766 1718 H.
800 1686 889 1717 diesc

213 1733 428 1774 Eintheilung
456 1733 511 1765 bei
535 1733 595 1764 den
622 1731 776 1764 friihcreu
802 1732 890 1763 Bun-

214 1780 433 1820 (lesgenossen
465 1779 523 1810 der
555 1778 683 1818 Ro'iuer,
721 1777 773 1809 die
803 1777 890 1818 jetzt

213 1829 312 1857 unter
340 1825 405 1856 ihm
431 1824 558 1865 dienen,
585 1824 797 1856 beibehalten
822 1824 891 1863 hat,

215 1871 279 1903 wie
306 1870 356 1902 die
377 1870 601 1911 Bewaffnung,
635 1881 661 1903 5.
699 1870 751 1908 22,
779 1871 832 1904 46,
861 1871 892 1902 4.

215 1935 258 1939 —-
283 1928 320 1948 ea:
344 1919 418 1955 acie,
445 1926 503 1947 aus
529 1916 599 1947 dein
624 1914 775 1957 Hampfe,
802 1915 893 1946 inso-

215 1960 287 1994 fern
315 1962 423 1994 dieser
455 1961 526 1993 sich
557 1961 638 1992 iiber
663 1961 759 1993 einen
788 1960 892 1992 Raum

214 2008 390 2046 erstreckt,
410 2007 625 2039 verschieden
643 2017 704 2038 von
719 2009 892 2046 proelium,

209 2065 322 2095 puymz
344 2053 410 2084 und
434 2055 547 2086 evolem}

262 2096 332 2134 45,
363 2101 458 2131 1-4,
483 2111 503 2130 α
528 2100 645 2136 Omnis,
666 2108 730 2128 von
756 2096 789 2128 C.
820 2107 893 2138 weg

216 2145 250 2176 in
268 2144 319 2175 die
334 2144 455 2176 Flucht
474 2144 683 2184 geschlagen,
714 2153 740 2174 s.
768 2144 821 2184 10,
838 2144 891 2182 41,

219 2191 270 2224 13.
289 2208 331 2212 —-
347 2193 414 2223 mil.
428 2192 503 2228 alio,
526 2189 685 2220 wahrend
704 2206 747 2210 ——
767 2198 894 2230 waren,

218 2236 267 2267 od.
303 2235 367 2267 wie
397 2246 422 2267 ο.
458 2237 513 2275 41,
543 2237 578 2268 5:
611 2237 726 2266 victore
757 2245 826 2273 em,
852 2234 893 2265 da

213 2280 336 2322 jedoch
369 2282 427 2313 der
457 2279 655 2313 Nachdruck
689 2277 749 2311 auf
771 2282 834 2311 eod.
862 2290 891 2311 u.

217 2330 280 2359 alio
305 2327 399 2368 liegt,
426 2337 462 2358 so
490 2327 534 2357 ist
557 2328 595 2358 ab
622 2335 684 2356 vor
712 2328 775 2357 eod.
801 2325 892 2357 viell.

216 2383 276 2404 aus
305 2373 376 2404 dem
409 2372 573 2413 Vorherg.
606 2370 816 2403 wiederholt.
849 2388 894 2393 -—

216 2421 336 2450 instare
365 2420 438 2457 iub„
465 2418 524 2449 der
543 2417 620 2449 Ace.
646 2427 687 2448 zu
713 2419 831 2449 instare
849 2415 894 2447 ist

218 2474 276 2495 aus
293 2465 362 2496 dem
376 2464 678 2504 Zusammenhange
692 2473 733 2494 zu
746 2462 892 2501 11611111611,

219 2510 287 2550 vgl.
330 2520 357 2541 c.
394 2511 449 2545 43,
499 2511 557 2547 123
599 2510 653 2547 22,
698 2510 751 2548 51,
788 2510 816 2540 7.
852 2525 892 2530 ——

217 2557 340 2595 lustris,
365 2566 390 2586 5.
419 2556 471 2595 26,
506 2557 536 2595 2,
566 2556 624 2590 15:
646 2553 738 2585 Paul.
758 2553 846 2585 Diac.
863 2564 892 2595 p.

220 2602 302 2634 120:
341 2604 441 2634 lustra
470 2603 653 2643 sz'ynffica72t
685 2603 813 2632 lacunas
843 2601 893 2631 Zu-

959 1600 1053 1633 tosus,
1090 1604 1170 1635 quae
1203 1600 1277 1625 sunt
1310 1595 1343 1624 in
1367 1594 1455 1624 silvis
1483 1602 1636 1632 aprorum

960 1641 1084 1671 cubilia.
1118 1651 1136 1671 α
1167 1650 1231 1680 qua
1265 1640 1475 1671 similitudine
1505 1640 1549 1677 lai,
1579 1641 1636 1679 qui

960 1687 994 1716 ἐκ
1020 1687 1094 1717 locis
1118 1687 1231 1717 abditis
1256 1691 1283 1717 et
1306 1686 1447 1716 sordidis
1474 1685 1579 1716 ventri
1609 1690 1636 1716 et

957 1733 1050 1772 (julae
1073 1741 1197 1770 operam
1223 1733 1308 1769 dam,
1334 1732 1486 1761 dicuntur
1522 1732 1557 1761 in
1584 1731 1636 1761 Zu-

959 1780 1035 1809 strz's
1065 1779 1161 1808 vitam
1177 1787 1276 1817 affere.
1304 1775 1372 1807 Zur
1399 1775 1504 1806 Sache
1531 1785 1558 1806 6.
1582 1776 1634 1813 18,

967 1823 1017 1855 10.
1044 1840 1087 1845 —
1112 1824 1247 1862 dilapsa,
1274 1820 1443 1859 zerfalleU,
1470 1822 1501 1861 4,
1531 1822 1585 1862 20,
1605 1822 1634 1853 7.

962 1885 1007 1890 -
1030 1870 1182 1908 reliquias
1215 1868 1295 1899 kurz
1327 1871 1368 1898 st.
1399 1868 1553 1907 reliquias
1576 1877 1639 1898 esse

962 1916 1020 1954 qui
1036 1920 1231 1956 paquarem‘,
1260 1913 1349 1945 scien
1382 1911 1433 1944 die
1456 1910 1636 1954 111131ρῖ611-

963 1960 1036 1999 den,
1063 1960 1129 2000 vgl.
1155 1961 1208 2000 21,
1235 1961 1290 1997 40,
1320 1960 1357 1996 93
1388 1959 1436 1991 10.
1466 1975 1509 1979 ——
1536 1958 1636 1989 iba·—

962 2007 1131 2037 extinctam
1160 2008 1228 2036 erst
1254 2003 1420 2045 Anapher,
1447 2003 1532 2034 daun
1557 2002 1636 2034 Chi-

963 2060 1081 2082 asmus.

1010 2097 1109 2128 5—8.
1134 2096 1366 2134 exprobrando,
1390 2094 1537 2125 dadurch
1562 2093 1637 2125 dass

963 2150 999 2172 er
1032 2141 1090 2172 mit
1116 2140 1209 2172 Hohn
1240 2140 1305 2172 und
1329 2139 1544 2180 Verachtung
1572 2149 1638 2170 von

963 2186 1022 2218 den
1056 2186 1204 2218 Feiuden
1237 2186 1374 2228 sprach,
1414 2184 1520 2216 nicht:
1559 2195 1638 2216 vor-

962 2231 1066 2273 warf,
1108 2233 1192 2264 deun
1224 2231 1276 2263 die
1310 2230 1432 2263 Feinde
1464 2231 1567 2262 horeu
1603 2240 1637 2262 es

964 2277 1065 2309 nicht.
1091 2296 1134 2301 —-
1160 2279 1309 2317 probris,
1350 2277 1414 2308 wie
1449 2275 1553 2308 dieses
1586 2287 1639 2308 ex-

959 2325 1069 2363 probr.
1096 2323 1287 2365 entspricht,
1313 2333 1349 2354 so
1367 2324 1550 2362 increpabat
1566 2321 1638 2353 dem

963 2369 1090 2410 Begriff
1110 2369 1143 2400 in
1167 2371 1288 2401 animos
1303 2371 1389 2410 σήμ,
1416 2367 1481 2408 vgl.
1506 2369 1560 2407 22,
1585 2368 1635 2406 12,

963 2418 1001 2455 43
1031 2417 1058 2455 1,
1086 2417 1139 2455 26,
1166 2416 1195 2448 3.
1214 2432 1257 2436 —
1273 2425 1408 2454 noscere,
1426 2413 1568 2445 erkenne
1589 2422 1636 2452 er,

964 2460 1027 2491 wie
1053 2464 1146 2492 sonst
1169 2471 1344 2502 aynescere.
1358 2476 1403 2482 —-
1421 2460 1550 2491 militem
1577 2457 1637 2489 ad-

963 2505 1164 2546 versatives,
1194 2505 1215 2547 ξ
1240 2508 1261 2539 4
1286 2504 1499 2537 erkl'zirendes
1524 2503 1637 2546 Asyn-

964 2552 1074 2583 deton.
1099 2570 1143 2574 —
1161 2552 1318 2592 profecta,
1345 2552 1399 2590 22,
1423 2551 1479 2588 42,
1506 2552 1536 2589 5,
1564 2548 1637 2580 hier

962 2597 1022 2629 mit
1059 2596 1221 2629 Unwillen
1255 2595 1323 2629 fast
1346 2610 1391 2623 =
1414 2595 1538 2636 leider‚
1574 2593 1638 2626 wie
