1763 2983
238 159 319 201 398
687 156 809 188 LIBER
837 156 880 188 Χ.
925 155 1020 191 CAP.
1050 157 1099 189 10.
1128 155 1179 190 11.
1508 161 1532 181 a.
1552 163 1580 182 u.
1599 155 1661 182 455.

237 263 305 301 sed
330 275 396 300 eos
419 261 489 300 alia
513 260 709 298 molientis
731 260 929 299 Gallorum
959 260 1098 311 ingens
1126 259 1318 297 exercitus
1349 258 1435 296 linis
1465 258 1664 309 ingressus

194 331 211 361 τ
244 319 441 371 paulisper
463 331 481 357 a
503 317 705 369 proposito
727 318 879 356 avertit.
920 318 1081 369 pecunia
1105 316 1260 363 deinde,
1290 327 1366 367 qua
1395 315 1562 354 multum
1593 329 1664 367 po-

239 381 384 420 terant,
408 375 498 414 freti
522 375 646 414 socios
668 388 714 413 ex
736 374 916 414 hostibus
940 376 1063 414 facere
1082 374 1211 413 Gallos
1234 378 1441 418 conantur,
1463 378 1507 411 ut
1528 386 1575 411 eo
1598 373 1665 412 ad-

191 450 210 479 s
242 434 374 473 iuncto
397 431 572 471 exercitu
595 444 683 471 cum
706 432 892 471 Romanis
914 431 1117 471 bellarent.
1168 431 1216 469 de
1247 430 1433 470 societate
1460 429 1563 469 haud
1595 429 1663 469 ab·

237 496 364 530 nuunt
384 489 553 536 barbari,
587 489 632 528 de
663 489 844 528 mercede
875 489 1014 540 agitur.
1062 501 1136 539 qua
1166 493 1276 539 pacta
1303 491 1541 538 acceptaque
1573 499 1664 525 cum

236 553 366 600 parata
389 552 517 586 cetera
538 547 585 586 ad
606 546 752 586 bellum
777 552 908 585 essent
930 546 1117 598 sequique
1134 545 1321 584 Etruscus
1340 543 1501 589 iuberet,
1519 543 1663 583 infitias

191 613 209 644 9
241 610 337 644 eunt
348 604 571 643 mercedem
582 617 624 643 se
641 603 732 643 belli
749 604 936 643 Romanis
953 602 1150 642 inferendi
1166 607 1322 654 pactos:
1347 600 1537 652 quidquid
1553 613 1664 640 acce-

236 662 378 714 perint,
400 661 609 713 accepisse,
633 674 682 700 ne
704 674 841 713 agrum
864 662 1072 700 Etruscum
1095 664 1295 699 vastarent
1317 658 1513 710 armisque
1535 658 1660 697 laces-

172 728 210 764 10
239 724 374 758 serent
397 720 590 766 cultores;
622 718 854 758 militaturos
883 723 1018 757 tamen
1051 730 1105 764 se,
1135 718 1165 756 si
1187 717 1325 768 utique
1348 715 1500 755 Etrusci
1530 715 1661 761 velint,

237 777 307 816 sed
329 777 433 815 nulla
456 776 525 815 alia
548 776 740 823 mercede,
774 788 890 827 quam
912 781 956 814 ut
977 775 1019 814 in
1041 780 1192 826 partem
1219 774 1296 825 agri
1318 772 1556 824 accipiantur
1576 777 1662 811 tan—

170 844 207 878 11
241 834 410 885 demque
432 833 558 884 aliqua
579 833 670 873 sede
693 838 796 872 certa
819 832 1045 872 consistant.
1077 833 1198 871 multa
1216 832 1263 870 de
1285 844 1330 870 eo
1354 829 1514 870 concilia
1535 842 1663 881 popu-

235 891 363 930 lorum
382 891 559 929 Etruriae
582 890 725 937 hahita,
748 902 822 929 nec
838 890 971 941 perfici
990 889 1200 941 quicquam
1218 888 1355 940 potuit,
1377 899 1457 926 non
1474 892 1554 926 tam
1574 886 1662 937 quia

235 948 404 987 inminui
425 960 562 999 agrum
593 960 709 999 quam
740 947 831 999 quia
861 948 1007 986 accolas
1038 946 1111 985 sibi
1141 947 1306 998 quisque
1339 945 1550 995 adiungere
1582 948 1661 983 tam

169 1014 208 1047 12
240 1006 423 1044 effe-ratae
453 1005 579 1056 gentis
608 1004 790 1043 homines
820 1004 1015 1042 horrebat.
1062 1004 1115 1042 ita
1145 1003 1296 1042 dimissi
1327 1002 1422 1042 Galli
1452 1001 1660 1053 pecuniam

234 1063 436 1113 ingentem
459 1063 544 1101 sine
574 1061 706 1101 labore
737 1074 780 1100 ac
808 1056 981 1112 periculo
1010 1066 1184 1112 paratam
1214 1060 1466 1099 rettulerunt.
1517 1058 1663 1098 Romae

234 1125 428 1158 terrorem
450 1119 631 1171 praebuit
652 1121 754 1158 fama
771 1118 903 1157 Gallici
920 1118 1116 1157 tumult-us
1139 1118 1185 1156 ad
1200 1118 1348 1156 bellum
1366 1117 1577 1155 Etruscum
1594 1115 1661 1154 ad-

236 1177 349 1216 iecti:
374 1190 418 1215 eo
441 1177 574 1215 minus
598 1181 829 1215 cunctanter
850 1176 991 1214 foedus
1008 1175 1131 1214 ictum
1150 1187 1236 1214 cum
1256 1174 1405 1213 Picenti
1423 1173 1567 1225 populo
1588 1178 1659 1211 est.

170 1239 220 1277 11
239 1234 283 1273 T.
307 1233 447 1273 Manlio
471 1234 624 1272 consuli
646 1233 842 1285 provincia
864 1232 1019 1272 Etruria
1042 1238 1147 1271 sorte
1171 1232 1294 1279 venit,
1324 1231 1390 1283 qui
1419 1231 1577 1270 vixdum
1597 1229 1661 1268 in-

236 1304 392 1342 gressus
415 1291 590 1330 hostium
612 1291 700 1329 finis
723 1303 812 1330 cum
843 1296 1091 1329 exerceretur
1119 1289 1223 1328 inter
1254 1289 1420 1340 equites,
1452 1287 1498 1326 ab
1528 1286 1662 1338 rapido

188 1361 205 1383 ο
238 1361 354 1388 cursu
377 1349 677 1399 circumagendo
699 1361 801 1400 equo
825 1348 973 1386 effusus
996 1347 1190 1398 extemplo
1206 1358 1328 1398 prope
1346 1344 1546 1397 expiravit.
1575 1349 1661 1383 ter-

188 1384 206 1392 fl

236 1406 313 1445 tius
345 1406 391 1445 ab
422 1419 468 1445 eo
500 1418 593 1445 casu
625 1404 708 1444 dies
741 1405 829 1444 smis
860 1405 961 1444 vitae
984 1404 1138 1444 consuli
1161 1404 1244 1443 fuit.
1288 1416 1364 1455 quo
1398 1403 1502 1442 velut
1530 1401 1661 1440 omine

236 1569 357 1601 zweite
382 1569 465 1600 Jahr
494 1579 565 1600 war
589 1569 673 1600 noch
697 1568 788 1600 nicht
811 1568 911 1607 abge-
984 1566 1159 1599 mittelbar
1176 1576 1216 1597 an
1236 1566 1405 1598 einander.
1426 1584 1467 1588 —
1490 1566 1660 1607 paratam,

237 1615 360 1653 laul'cn,
387 1615 454 1654 vgl.
474 1625 500 1645 e.
521 1618 551 1647 6.
578 1633 621 1637 ———
647 1614 715 1646 αἰιά
731 1625 787 1656 πμ,
806 1619 911 1646 etwas
986 1615 1015 1655 5,
1034 1614 1064 1652 6,
1095 1613 1121 1644 1.
1147 1631 1189 1635 —
1213 1612 1345 1644 Pceente
1370 1622 1434 1643 von
1456 1611 1581 1654 ple-us,
1608 1610 1660 1641 ein

237 1672 321 1701 ganz
340 1660 492 1692 Anderes
511 1660 561 1692 als
577 1660 671 1692 einen
689 1658 795 1700 Hrieg
808 1669 911 1700 gegen
984 1657 1205 1691 sabellischer
1236 1657 1462 1690 Volksstamln
1491 1655 1659 1687 zwischen

238 1707 291 1738 die
312 1705 457 1747 Gaffier,
481 1717 507 1737 s.
532 1706 563 1745 2,
589 1706 620 1746 3,
647 1706 685 1746 6;
717 1706 801 1737 doch
826 1705 912 1736 wird
986 1705 1049 1736 den
1085 1703 1267 1743 Sabinern,
1301 1702 1458 1735 Umbrien
1492 1702 1556 1732 und
1588 1701 1660 1732 dem

237 1752 318 1784 talia
337 1762 442 1784 verni.
457 1770 500 1774 ——
518 1750 699 1790 Gallorum,
715 1751 799 1783 nach
813 1750 914 1794 Poly·
986 1749 1212 1781 adriatisehen
1231 1748 1356 1790 Meere,
1374 1748 1459 1789 folgt
1476 1752 1555 1787 >crst
1573 1746 1661 1788 jetzt

237 1798 310 1829 hius
330 1798 361 1838 2,
384 1798 422 1829 19
442 1807 525 1829 neue
551 1797 634 1829 iiber
658 1798 712 1829 die
731 1796 839 1839 Alpen
858 1806 914 1836 ge·
987 1796 1059 1828 dem
1077 1794 1223 1837 Beispiel
1251 1795 1310 1826 der
1333 1794 1473 1834 iibrigen
1496 1792 1659 1824 Sabeller.

238 1844 408 1875 konunene
445 1843 655 1882 Schwarme,
688 1843 816 1875 welche
848 1852 913 1874 von
987 1852 1014 1873 s.
1041 1852 1069 1872 c.
1094 1840 1133 1879 33
1161 1842 1193 1880 9,
1220 1840 1274 1881 45,
1298 1838 1582 1871 wahrseheinlich
1606 1847 1660 1869 er—

238 1889 332 1921 ihren
342 1888 617 1929 Volksgenossen
635 1889 717 1920 nach
735 1889 845 1920 Siiden
858 1897 914 1928 ge-
987 1887 1114 1918 hielten
1148 1885 1197 1917 sie
1238 1885 1394 1927 giinstige
1426 1884 1661 1925 Bedingungen

238 1935 366 1967 wiesen
382 1945 405 1965 xx
415 1935 528 1973 erden,
542 1935 643 1967 daher
657 1933 745 1976 §102
761 1933 915 1965 tandem-
988 1943 1053 1964 von
1072 1932 1133 1962 den
1153 1931 1307 1973 Romam,
1329 1931 1381 1963 die
1408 1941 1445 1962 so
1464 1929 1527 1961 wie
1545 1929 1661 1961 l'riiher

236 1991 297 2023 que
316 1986 390 2017 etc„
416 1980 484 2020 vgl.
504 1982 534 2019 5,
554 1982 607 2020 36,
626 1980 656 2011 3.
692 1998 734 2002 —
762 1981 915 2022 pecunia,
988 1978 1019 2009 in
1067 1977 1215 2019 Apulien
1268 1977 1563 2018 Bundesgenossen
1618 1974 1660 2006 im

238 2038 266 2059 s.
285 2038 313 2058 c.
338 2026 388 2066 16,
407 2026 446 2064 ὅς
465 2027 496 2067 9,
515 2026 568 2068 37,
592 2028 642 2058 10.
661 2044 703 2048 ——
721 2035 796 2057 cum
815 2024 854 2058 R.
874 2025 914 2064 b.,
988 2019 1656 2061 Riickeuih1-erFeindee1-halten3Nieb.

238 2072 319 2104 nach
362 2071 480 2114 Polyb.
528 2071 635 2103 haben
677 2070 808 2102 Gallier
848 2071 912 2102 und
989 2069 1020 2109 3,
1040 2069 1123 2107 420;
1144 2068 1220 2101 313.

237 2117 406 2149 Etrusker
423 2119 482 2149 das
501 2117 666 2149 romische
687 2116 811 2148 Gebiet
836 2126 914 2148 ver-

238 2164 373 2195 wiistet.
1036 2155 1103 2192 11.
1134 2159 1228 2191 1—3.
1263 2162 1352 2192 sorte
1370 2169 1449 2202 vem,
1468 2158 1498 2199 8,
1522 2160 1548 2198 1,
1567 2157 1597 2189 2.
1615 2174 1660 2180 —

285 2208 407 2241 8—12.
450 2208 488 2240 de
514 2219 576 2241 soe.
604 2214 680 2248 ete,
706 2220 732 2241 s.
751 2208 782 2247 9,
802 2208 857 2248 41,
876 2208 913 2247 73
987 2208 1218 2246 eoeerccretur,
1237 2205 1417 2247 Uebungen
1431 2204 1602 2237 anstellte.
1616 2222 1657 2226 -

238 2256 270 2296 6,
293 2256 342 2294 17,
363 2254 399 2285 8;
418 2264 481 2286 non
499 2254 750 2296 negatum—de
763 2254 912 2296 captivis.
987 2254 1087 2292 inter,
1113 2256 1223 2292 unter,
1240 2252 1311 2283 mit.
1330 2270 1373 2275 —
1390 2251 1430 2282 ab
1453 2260 1526 2293 rap,
1544 2260 1582 2291 c.‚
1606 2249 1658 2281 als

238 2320 279 2324 —
299 2302 470 2341 armisque
486 2301 663 2333 erweitert
677 2311 740 2332 nur
753 2300 811 2331 das
822 2298 911 2331 vor-
988 2308 1025 2330 er
1041 2297 1259 2330 unmittelbar
1277 2307 1351 2329 voni
1371 2296 1489 2338 Gallop
1508 2305 1592 2337 weg,
1614 2295 1657 2326 im

237 2347 385 2387 hergeh„
406 2346 509 2378 daher
527 2346 617 2378 nicht
634 2357 726 2378 nere.
753 2365 795 2368 -—
822 2354 914 2376 acce·
987 2344 1102 2375 vollen
1132 2342 1248 2385 Lause,
1274 2343 1331 2374 das
1356 2342 1457 2374 Pferd
1487 2341 1656 2380 wendete;

236 2394 358 2436 perlat,
377 2394 555 2436 accepisse,
575 2393 633 2424 das
652 2392 810 2424 Letztere
830 2391 913 2422 ohne
988 2390 1018 2430 S,
1038 2390 1068 2430 ἵ,
1100 2389 1156 2422 1οε
1182 2390 1396 2421 circumactis
1413 2389 1518 2430 equis,
1542 2387 1573 2427 6,
1603 2386 1658 2425 24,

235 2449 271 2470 eo
291 2439 372 2470 oder
389 2437 425 2468 id
435 2440 533 2478 οἰνοο,
552 2438 605 2470 die
623 2438 742 2469 beiden
760 2436 912 2478 gleichen
988 2435 1018 2467 7.
1053 2435 1164 2467 Ueber
1180 2435 1238 2466 das
1259 2434 1406 2467 Gerund.
1432 2435 1464 2473 4,
1488 2433 1540 2473 29,
1565 2432 1596 2464 3.
1614 2450 1656 2454 ——

237 2484 379 2525 Regi-ille
410 2484 453 2515 1111
485 2484 741 2516 eim-'aumenden
768 2482 831 2514 und
856 2482 912 2514 be-
987 2482 1132 2522 effusus,
1151 2491 1176 2513 s.
1196 2480 1251 2521 30,
1271 2480 1323 2521 12,
1346 2480 1378 2512 l:
1401 2489 1480 2521 equo
1501 2479 1658 2520 graviter

237 2531 487 2562 schriinkenden
514 2529 613 2562 Satze
639 2529 763 2561 riicken
791 2539 827 2559 so
854 2539 911 2558 un-
984 2530 1047 2558 leto
1064 2529 1199 2567 eJJ'usas
1223 2528 1437 2569 opprimitur.
1458 2543 1485 2546 —
1515 2534 1589 2565 quo,
1608 2523 1656 2554 iu-
