1763 2983
88 185 114 204 a.
134 176 186 204 Ch.
207 179 266 204 3852
546 174 671 208 LIBER
697 174 752 207 Vl.
791 174 886 207 CAP.
916 174 965 207 12.
996 174 1044 208 13.
1448 172 1500 210 27

89 291 197 318 arma
218 279 261 318 ad
283 279 531 331 propositum
562 289 715 329 pugnae
743 277 922 327 signum,
951 276 1052 316 sicut
1081 275 1252 314 edictum
1283 279 1384 319 erat,
1416 274 1500 312 luce

90 336 212 388 prima
235 335 430 387 capientes
451 333 660 387 processit:
690 338 852 380 „nostra
874 333 1033 372 victoria
1056 338 1125 379 est,
1149 331 1332 377 milites‚“
1361 330 1501 382 inquit,
1532 334 1550 365 8

89 393 149 439 „si
170 392 263 444 quid
286 392 323 431 di
347 396 499 431 vatesve
521 403 658 430 eorum
680 389 720 429 in
750 390 929 429 futurum
951 390 1095 428 vident.
1143 389 1292 441 itaque,
1326 393 1370 427 ut
1391 387 1503 426 decet

90 454 218 488 certae
248 448 332 500 spei
359 449 497 500 plenos
526 453 564 486 et
591 460 680 487 cum
711 446 913 498 inparibus
942 459 1083 486 manus
1104 450 1378 491 conserturos,
1416 443 1502 496 pilis

89 510 179 546 ante
201 506 322 558 pedes
344 504 483 556 positis
505 504 640 556 gladiis
662 508 814 544 tantum
837 503 992 542 dextras
1014 505 1226 542 armemus.
1258 515 1308 543 ne
1325 500 1503 555 procurri

89 563 249 614 quidem
271 562 317 601 ab
339 562 418 601 acie
442 562 576 608 velim,
614 561 682 599 sed
711 559 876 599 obnixos
906 571 972 598 vos
1002 560 1128 599 stabili
1158 560 1280 611 gradu
1308 560 1501 610 impetum

89 619 263 659 hostium
285 618 475 670 excipere,
508 618 575 658 ubi
596 617 648 656 illi
670 629 765 656 vana
785 616 992 655 iniecerint
1008 616 1181 663 missilia,
1206 622 1244 656 et
1264 616 1377 656 effusi
1396 620 1503 655 stan·
1533 617 1552 647 9

88 675 192 715 tibus
213 675 323 715 vobis
345 688 386 714 se
407 674 628 721 intulerint,
651 680 735 713 tum
752 673 901 712 micent
917 672 1043 724 gladii,
1067 679 1105 712 et
1123 673 1253 713 veniat
1269 673 1309 712 in
1328 677 1502 712 mentem

88 732 301 784 unicuique
324 732 417 771 deos
439 745 536 779 esse,
560 732 626 783 qui
641 731 865 770 Romanum
886 729 1081 777 adiuvent,
1104 731 1210 776 deos,
1235 730 1301 782 qui
1322 729 1503 769 secundis

89 789 222 829 avibus
242 788 282 828 in
300 789 492 841 proelium
511 788 702 827 miserint.
734 793 789 834 tu,
806 786 849 825 T.
870 787 1042 834 Quincti,
1066 787 1241 838 equitem
1262 787 1440 825 intentus
1458 785 1504 824 ad
1538 794 1575 826 10

89 846 259 898 primum
283 846 439 885 initium
461 845 558 885 moti
579 844 804 884 certaminis
826 849 985 890 teneas,
1014 843 1080 882 ubi
1103 844 1264 883 haerere
1286 843 1362 882 iam
1384 842 1504 881 aciem

89 903 240 942 conlato
261 903 361 954 pede
378 902 530 949 videris,
552 908 636 941 tum
658 907 851 940 terrorem
874 906 1100 952 equestrem
1124 900 1321 952 occupatis
1342 899 1415 939 alio
1437 911 1505 950 pa-

90 972 180 999 vore
201 959 316 1007 infer,
338 959 598 1010 invectusque
620 958 777 998 ordines
799 957 1062 1010 pugnantium
1084 957 1268 1009 dissipa.“
1300 957 1355 996 sic
1370 967 1504 1007 eques,
1539 962 1573 994 ll

90 1016 145 1056 sic
161 1017 294 1068 pedes,
316 1021 359 1055 ut
375 1021 637 1068 praeceperat,
660 1020 859 1067 pugnant,
881 1026 952 1053 nec
969 1014 1047 1053 dux
1063 1014 1239 1065 legiones
1257 1026 1330 1053 nec
1345 1013 1504 1053 fortuna

88 1073 225 1112 fefellit
247 1073 400 1112 ducem.

201 1130 407 1169 Multitudo
428 1129 620 1175 hostium,
652 1129 748 1168 nulli
779 1129 834 1168 rei
864 1133 1137 1180 praeterquam
1160 1139 1328 1168 numero
1350 1127 1450 1166 freta
1471 1131 1510 1164 et
1538 1127 1588 1167 13

90 1186 211 1226 oculis
234 1192 440 1238 utramque
462 1185 628 1225 metiens
650 1185 792 1231 aciem,
825 1190 973 1224 temere
1002 1185 1195 1236 proelium
1221 1184 1328 1231 iniit,
1362 1189 1508 1223 temere

92 1242 241 1289 omisit,
263 1244 432 1282 clamore
452 1247 606 1281 tantum
624 1241 917 1293 missilibusque
938 1241 1025 1280 telis
1048 1247 1087 1280 et
1107 1241 1235 1293 primo
1256 1253 1411 1293 pugnae
1433 1239 1507 1278 irn-
1539 1245 1556 1275 2

91 1305 185 1351 petu
213 1300 322 1338 ferox
350 1299 497 1350 gladios
527 1304 565 1338 et
594 1299 792 1338 conlatum
820 1299 961 1350 pedem
985 1304 1023 1337 et
1044 1299 1197 1338 vultum
1222 1298 1347 1337 hostis
1368 1297 1507 1337 ardore

91 1355 210 1396 animi
233 1356 443 1394 micantem
465 1355 568 1394 ferre
589 1367 670 1394 non
692 1355 831 1406 potuit.
871 1354 1026 1406 inpulsa
1047 1355 1158 1395 frons
1178 1355 1303 1407 prima
1325 1359 1364 1394 et
1383 1353 1505 1406 trepi-
1538 1359 1556 1389 3

90 1412 191 1452 datio
214 1412 397 1451 subsidiis
420 1411 556 1460 inlata;
579 1417 617 1451 et
633 1424 750 1451 suum
767 1417 960 1450 terrorem
977 1411 1111 1451 intulit
1127 1425 1268 1464 eques,
1290 1411 1395 1463 rupti
1416 1411 1508 1450 inde

91 1469 221 1508 multis
242 1468 335 1508 locis
358 1468 537 1515 ordines,
569 1474 752 1520 motaque
783 1468 914 1508 omnia
943 1474 981 1508 et
1010 1469 1217 1509 fluctuanti
1247 1468 1384 1509 similis
1409 1468 1508 1508 acies

89 1563 212 1600 msa-et,
246 1560 457 1593 verstiirktes
488 1563 624 1592 orasset.
648 1578 692 1583 —
714 1561 760 1591 εἱ-

85 1605 757 1648 g·711cm,einerotheFahne,aufdcmFeld-

842 1570 926 1592 men.
950 1577 995 1583 —
1018 1561 1129 1603 effusi,
1157 1560 1206 1593 sie
1230 1560 1342 1592 halten
1366 1559 1418 1591 bei
1435 1560 1508 1592 dem

841 1604 991 1646 hestigen
1001 1605 1153 1647 Angriffe
1164 1605 1256 1638 nicht
1264 1605 1349 1638 Reih
1358 1604 1506 1638 u.Glied.

89 1652 279 1684 herrnzelte
290 1650 514 1693 aufgesteekt,
528 1662 600 1684 war
609 1651 666 1683 das
677 1650 755 1683 Zei-

90 1698 171 1729 chen
186 1707 259 1730 zum
268 1697 464 1730 Ausriicken
475 1697 509 1729 in
523 1697 577 1729 die
587 1697 755 1729 Schlacht.

88 1760 131 1766 —-—
145 1744 176 1774 si
187 1741 268 1784 quid
277 1748 341 1775 etc.
355 1742 479 1774 konnte
494 1741 681 1784 Quinctius,
695 1753 754 1773 un-

89 1788 241 1828 geachtet
263 1788 375 1820 seiner
398 1787 513 1820 vollen
543 1787 753 1829 subjectiven

91 1833 353 1875 Ueberzeugung
369 1834 445 1865 dass
459 1843 494 1866 es
509 1844 545 1865 so
564 1833 625 1874 sei,
644 1843 755 1875 sagen,

89 1889 115 1910 s.
130 1880 161 1918 4,
181 1879 230 1919 19,
246 1879 281 1910 3:
296 1880 329 1910 si
340 1878 458 1917 mod0,·
471 1878 562 1911 Hom.
578 1877 614 1910 ll.
636 1879 754 1919 12,217

90 1935 120 1955 u.
132 1934 211 1957 a.—-
222 1927 361 1967 vate-sve,
380 1935 425 1965 ve,
442 1935 557 1966 wegen
576 1924 645 1963 des,
659 1934 755 1956 wenn

92 1969 176 2001 auch
185 1981 246 2002 nur
254 1970 487 2010 scheinbaren,
501 1968 673 2012 Zweifels,
688 1969 755 2010 vgl.

91 2026 118 2047 c.
142 2015 193 2056 14,
213 2016 270 2055 1ος
289 2016 319 2056 7,
343 2016 392 2056 19,
412 2017 450 2057 53
470 2016 521 2055 28,
547 2016 596 2057 10,
616 2016 653 2054 53
673 2015 756 2046 auch

91 2061 150 2092 das
168 2071 228 2092 uns
247 2061 350 2093 niiher
367 2061 521 2103 liegende
538 2071 610 2102 que,
649 2070 674 2092 s.
706 2062 756 2100 10,

92 2106 124 2147 9,
142 2106 174 2147 4,
191 2106 293 2139 findet
309 2106 381 2138 sich
399 2107 433 2139 in
451 2111 552 2148 guten
570 2105 668 2138 Hdss.
692 2106 757 2138 und

93 2151 179 2183 wird
202 2162 266 2184 von
291 2151 447 2185 Anderen
471 2162 694 2193 vorgezogen.
712 2169 756 2174 —

91 2198 210 2239 msut.
226 2196 301 2237 vid„
320 2197 353 2229 in
371 2215 414 2221 —
430 2197 662 2234 hineinsehen,
680 2196 755 2229 eine

90 2242 218 2274 seltene
244 2244 278 2274 in
300 2242 422 2275 coelum
438 2245 625 2286 conspicere
643 2241 753 2274 Plaut.

91 2287 174 2320 Cist.
186 2288 215 2328 2,
231 2287 263 2329 3,
278 2288 756 2330 78u.5.naehgehildetch1·-

91 2333 248 2375 bindung,
262 2334 330 2374 vgl.
344 2335 395 2374 10,
410 2333 464 2375 39,
482 2335 533 2366 15.
545 2333 756 2376 —pz‘lisete.,

90 2378 158 2419 vgl.
185 2378 214 2418 2,
237 2380 290 2419 65,
316 2380 354 2417 33
379 2378 484 2422 Marq.
503 2379 534 2420 3,
559 2379 591 2420 2,
617 2378 693 2410 270.
712 2398 753 2401 —

91 2425 240 2465 obniaeos,
259 2425 290 2464 8,
308 2425 362 2467 38,
384 2425 438 2458 11:
464 2426 499 2456 in
523 2434 583 2457 ⁸210
608 2425 757 2466 quisquis

87 2469 201 2511 gradu
219 2470 347 2502 obnixi.
365 2488 408 2493 —
426 2480 525 2511 vana,
554 2480 613 2502 aus
637 2469 758 2502 weiter

92 2514 211 2547 Ferne.

137 2561 259 2593 9—10.
294 2561 391 2601 vobis,
401 2561 524 2593 dai-aus
534 2561 580 2593 ist
589 2571 630 2592 zu
638 2561 759 2592 iniece-

93 2607 161 2638 rint
171 2606 229 2638 der
238 2607 499 2650 entsprechende
509 2606 613 2638 Casus
623 2616 665 2637 zu
679 2606 758 2638 neh-

840 1669 883 1674 —-·
896 1650 973 1682 deos
985 1662 1068 1691 esse,
1083 1652 1113 1693 3,
1129 1651 1182 1691 56,
1197 1652 1434 1694 7.—prz'mmn
1449 1653 1507 1692 ιἠ.,

840 1696 871 1736 3,
891 1697 945 1737 54,
963 1697 994 1728 9.
1014 1714 1057 1719 —
1074 1699 1198 1737 teneas,
1216 1697 1290 1729 hier
1315 1696 1506 1737 befehlend,

840 1752 867 1773 s.
887 1741 941 1781 22,
960 1742 1015 1783 30,
1042 1743 1080 1779 5ς
1105 1742 1159 1783 26,
1185 1743 1238 1783 50,
1263 1743 1300 1778 7ς
1326 1742 1394 1773 Cic.
1414 1742 1503 1774 Fam.

843 1788 892 1827 10,
913 1787 963 1827 16,
978 1786 1014 1827 23
1033 1787 1104 1819 Att.
1120 1788 1152 1828 8,
1170 1788 1200 1827 6,
1218 1788 1238 1819 2
1253 1798 1283 1819 u.
1299 1797 1341 1828 a.,
1359 1787 1508 1829 h‘aufiger

839 1832 926 1864 wird
956 1832 1011 1864 die
1035 1833 1156 1865 zweite
1177 1832 1306 1865 Person
1329 1833 1387 1865 des
1413 1832 1506 1875 Conj.

839 1889 870 1909 v.
885 1878 1107 1918 allgemeinen
1121 1878 1301 1920 Subjecten
1315 1878 1507 1919 gebraucht.

846 1941 883 1945 —
900 1926 1015 1956 terror
1025 1934 1072 1965 eq.
1092 1924 1146 1956 die
1164 1922 1329 1965 Reiterei,
1348 1924 1400 1955 die
1414 1929 1508 1956 sonst

841 1969 908 2000 wol
927 1969 987 2000 den
998 1967 1275 2011 Rampfbeginnt,
1291 1969 1419 2002 sollbci
1434 1969 1506 2002 dem

842 2019 957 2046 ersten
974 2014 1129 2055 Angriffe
1146 2014 1206 2046 auf
1219 2015 1279 2047 der
1296 2015 1404 2047 stelle
1422 2014 1506 2047 blei-

842 2059 916 2091 bcn.
936 2078 978 2082 —
992 2070 1116 2103 pavore
1133 2061 1236 2093 durch
1254 2061 1309 2092 die
1332 2071 1507 2093 unerwar-

841 2109 911 2137 tete
929 2106 993 2137 und
1012 2106 1288 2145 ungewb'hnliche
1306 2103 1492 2149 Kampfart.

889 2144 955 2183 13.
985 2151 1082 2183 1-3,
1116 2151 1202 2183 nulli
1216 2153 1273 2194 rei,
1291 2152 1324 2193 4,
1343 2152 1396 2193 37,
1415 2153 1446 2184 6.
1466 2171 1507 2175 —

834 2199 1088 2239 praeterquam,
1106 2198 1137 2237 4,
1160 2198 1210 2239 17,
1225 2197 1506 2236 6.—0cul1·setc.‚

839 2252 902 2273 nur
922 2241 983 2273 mit
1000 2253 1031 2274 u.
1050 2253 1075 2275 s.
1094 2253 1150 2283 w.,
1175 2243 1245 2284 vgl.
1264 2242 1318 2284 30,
1337 2243 1390 2282 32,
1417 2243 1447 2273 5.
1463 2260 1507 2265 —

837 2286 952 2319 cmzlat.
970 2287 1058 2330 ped„
1074 2287 1140 2320 wie
1159 2299 1186 2320 c.
1205 2288 1257 2329 12,
1275 2289 1330 2328 1ος
1355 2290 1404 2328 10,
1419 2288 1472 2329 29,
1487 2289 1505 2319 6

837 2343 867 2364 u.
885 2342 927 2373 a.,
945 2333 1047 2374 Verg.
1057 2334 1138 2365 Aen.
1155 2334 1206 2373 10,
1225 2334 1308 2367 361:
1325 2335 1441 2366 haeret
1451 2343 1505 2375 pe-

837 2377 877 2409 de
888 2388 950 2420 pes
966 2378 1149 2421 densusque
1166 2381 1238 2411 viro
1256 2380 1317 2411 vir.
1333 2397 1378 2402 —
1389 2378 1507 2410 ardore

837 2434 868 2455 a.
887 2433 944 2463 πμ,
969 2424 999 2462 7,
1018 2424 1071 2466 33,
1092 2425 1147 2456 17:
1171 2423 1323 2465 feuriger
1340 2423 1445 2456 Muth.
1463 2441 1505 2446 —

838 2469 939 2511 frons
947 2471 1070 2512 prima,
1085 2470 1137 2503 die
1154 2474 1244 2502 erste
1255 2468 1505 2507 Schlachtlinie,

838 2514 890 2547 die
904 2515 1125 2556 antesignani,
1144 2526 1170 2547 s.
1187 2516 1218 2556 8,
1237 2516 1268 2556 8,
1287 2515 1318 2547 6.
1336 2533 1378 2537 —
1395 2514 1506 2545 subsi-

839 2559 916 2600 diis,
935 2571 961 2592 c.
981 2561 1014 2600 8,
1032 2561 1061 2592 4.
1073 2560 1313 2603 -βαοΐαανιίί,
1331 2559 1396 2590 wie
1411 2558 1503 2597 c.24‚

845 2607 903 2645 1ος
930 2605 961 2646 S,
980 2604 1034 2648 39,
1057 2606 1096 2646 43
1121 2606 1153 2646 9,
1179 2606 1232 2646 35,
1255 2606 1286 2644 6,
1313 2604 1354 2636 im
1375 2602 1504 2644 Gegen-
