1763 2983
5 2585 12 2756 ἓ

8 2757 13 2834 ι

662 199 918 234 PERlocHAE.
1416 203 1489 244 481

89 305 249 336 deductae
269 305 345 335 sunt
360 302 527 343 Fregenae
540 302 617 333 etin
636 312 716 342 agro
733 302 919 336 Sallentino
936 304 1157 336 Brundisium.
1193 304 1335 337 lustrum
1349 316 1367 337 a
1382 316 1498 338 censo—

88 361 180 393 ribus
200 361 367 392 conditum
386 366 451 392 est:
470 370 567 392 censa
587 364 662 391 sunt
680 360 804 391 civium
823 362 933 403 capita
953 360 1082 393 CCXLI
1100 360 1227 393 CCXII.
1264 362 1413 403 Claudia,
1443 374 1497 395 so-

87 417 144 438 ror
162 406 195 437 P.
214 406 343 445 Claudi,
362 406 416 448 qui
435 405 632 447 contemptis
650 406 813 447 auspiciis
831 407 915 438 male
934 411 1150 449 pugnaverat,
1176 418 1192 439 a
1213 407 1302 439 ludis
1320 413 1496 441 revertens

87 462 158 483 cum
188 452 285 483 turba
314 456 528 493 premeretur,
562 450 651 482 dixit
684 451 834 492 „utinam
867 450 973 484 frater
1003 462 1093 484 meus
1133 453 1266 484 viveret
1312 453 1495 496 iterumque

87 497 227 528 classem
245 497 414 528 duce1·et.“
449 497 489 528 ob
509 506 577 528 eam
597 506 728 528 causam
746 496 848 529 multa
867 497 898 528 ei
923 498 1012 529 dicta
1036 503 1096 529 est.
1133 499 1196 530 duo
1220 504 1393 540 praetores
1415 505 1496 531 tune

87 543 223 584 primum
248 542 353 573 creati
378 547 464 574 sunt.
499 541 668 573 Caecilius
685 541 843 574 Metellus
866 542 1016 584 pontifex
1041 543 1204 575 maximus
1233 543 1271 574 A.
1292 544 1496 577 Postumium

87 587 266 627 consulem,
285 587 438 629 quoniam
457 587 542 619 idem
560 592 593 619 et
610 589 725 618 flamen
744 587 913 619 Martialis
932 593 1016 628 erat,
1037 599 1109 620 cum
1133 589 1161 620 is
1180 589 1219 620 ad
1239 589 1361 621 bellum
1379 600 1496 631 geren-

86 634 157 663 dum
176 632 344 674 proficisci
361 633 475 674 vellet,
494 633 526 664 in
542 633 622 664 urbe
637 633 745 664 tenuit
764 644 823 664 nec
842 643 958 675 passus
977 639 1027 665 est
1040 644 1057 665 a
1074 634 1181 665 sacris
1195 635 1362 666 recedere.
1397 636 1495 667 rebus

84 679 244 709 adversus
262 678 390 710 Poenos
413 689 430 709 a
454 678 605 720 pluribus
630 678 769 710 ducibus
795 689 954 720 prospere
977 679 1083 719 gestis
1102 690 1257 710 summam
1277 680 1442 712 victoriae
1460 681 1495 713 C.

84 723 240 755 Lutatius
270 724 385 755 consul
419 724 511 755 victa
548 724 588 755 ad
622 723 766 764 Aegates
800 724 929 756 insulas
965 724 1073 756 classe
1106 724 1292 756 Poenorum
1325 726 1494 768 imposuit.

82 769 270 810 petentibus
294 769 628 810 Carthaginiensibus
652 779 715 811 pax
741 770 819 801 data
836 775 896 801 est.
931 780 1004 802 cum
1030 770 1185 811 templum
1203 769 1328 803 Vestae
1350 772 1495 813 arderet,

83 814 251 846 Caecilius
265 814 421 846 Metellus
439 814 588 857 pontifex
607 815 770 846 maximus
789 825 829 847 ex
849 815 1002 847 incendio
1020 826 1117 848 sacra
1131 816 1254 858 rapuit.
1288 816 1371 848 duae
1385 817 1493 849 tribus

83 859 232 892 adiectae
250 864 336 901 sunt,
356 860 475 893 Velina
494 865 527 893 et
544 859 695 902 Quirina.

630 1096 699 1129 EX
734 1095 822 1129 LIB.
855 1095 940 1129 XX.

171 1177 298 1210 Falisci
324 1188 397 1210 cum
414 1177 647 1217 rebellassent,
667 1183 761 1210 sexto
780 1178 833 1209 die
850 1177 1028 1220 perdomiti
1046 1177 1080 1209 in
1099 1178 1302 1210 deditionem
1319 1183 1495 1211 venerunt.

81 1223 263 1265 Spoletium
287 1223 420 1255 colonia
444 1224 583 1255 deducta
614 1229 675 1256 est.
710 1224 874 1255 adversus
892 1223 1033 1263 Ligures
1060 1228 1138 1255 tunc
1161 1224 1302 1266 primum
1326 1224 1495 1257 exercitus

82 1273 250 1309 promotus
268 1274 329 1300 est.
362 1269 460 1300 Sardi
479 1274 511 1301 et
533 1269 629 1301 Corsi
649 1280 720 1301 cum
737 1269 972 1308 rebellassent,
991 1269 1122 1301 subacti
1136 1274 1224 1301 sunt.
1257 1268 1383 1301 Tuccia
1396 1270 1492 1310 virgo

80 1314 228 1346 Vestalis
248 1314 368 1346 incesti
387 1315 538 1346 damnata
557 1321 618 1346 est.
655 1315 775 1346 bellum
796 1313 927 1356 Illyriis
946 1319 1083 1356 propter
1100 1324 1199 1345 unum
1217 1324 1257 1346 ex
1281 1314 1413 1356 legatis,
1437 1315 1493 1357 qui

80 1360 118 1390 ad
144 1370 201 1391 eos
225 1359 319 1391 missi
339 1365 444 1401 erant,
468 1360 614 1392 occisum
632 1360 794 1391 indictum
812 1365 874 1400 est,
901 1360 1095 1401 subactique
1114 1360 1146 1391 in
1166 1359 1370 1391 deditionem
1394 1371 1494 1392 vene-

79 1410 166 1436 runt.
202 1410 390 1447 praetorum
415 1415 570 1437 numerus
587 1406 766 1448 ampliatus
783 1410 845 1446 est,
870 1411 906 1438 ut
923 1410 1036 1437 essent
1052 1403 1117 1437 Illl.
1153 1405 1246 1437 Galli
1263 1404 1491 1448 Transalpini,

79 1451 133 1492 qui
165 1450 196 1481 in
229 1450 361 1482 Italiam
391 1451 597 1493 inruperant,
627 1451 717 1483 caesi
738 1456 825 1483 sunt.
866 1462 903 1483 eo
929 1451 1018 1483 bello
1048 1451 1203 1493 populum
1228 1450 1410 1483 Romanum
1440 1452 1493 1484 sui

79 1506 255 1549 Latinique
286 1507 427 1539 nominis
446 1509 523 1540 CCC
552 1514 753 1540 armatorum
785 1509 942 1540 habuisse.
977 1508 1071 1540 dicit.
1107 1509 1315 1540 exercitibus
1334 1508 1491 1541 Romanis

78 1557 155 1584 tunc
187 1553 326 1595 primum
360 1558 453 1585 trans
483 1554 606 1586 Padum
637 1554 745 1586 ductis
776 1554 867 1586 Galli
904 1553 1059 1586 Insubres
1089 1554 1219 1596 aliquot
1251 1554 1393 1596 proeliis
1423 1553 1490 1586 fusi

78 1598 111 1629 in
135 1598 336 1630 deditionem
359 1605 533 1632 venerunt.
567 1599 610 1631 Μ.
635 1600 795 1632 Claudius
819 1599 1001 1632 Marcellus
1032 1600 1148 1631 consul
1178 1600 1290 1632 occiso
1315 1599 1491 1632 Gallorum

76 1642 261 1675 Insubrium
280 1645 362 1676 duee
376 1644 574 1677 Virdomaro
596 1645 702 1687 opima
724 1644 829 1687 spolia
850 1645 980 1677 retulit.
1014 1645 1123 1677 Histri
1144 1645 1276 1677 subacti
1292 1650 1380 1677 sunt.
1412 1645 1490 1678 item

75 1687 196 1731 Illyrii,
216 1700 289 1721 cum
307 1690 539 1731 rebellassent,
558 1690 673 1722 domiti
692 1691 725 1722 in
744 1691 946 1723 deditionem
967 1695 1142 1722 venerunt.
1176 1691 1319 1723 lustrum
1337 1701 1355 1722 a
1373 1701 1491 1723 censo-

78 1747 170 1778 ribus
200 1748 250 1778 bz's
279 1747 446 1780 conditum
476 1753 543 1779 est:
572 1748 677 1790 primo
701 1748 809 1780 lustro
836 1758 933 1780 censa
957 1753 1033 1780 sunt
1052 1748 1174 1780 civium
1199 1748 1309 1790 capita
1339 1748 1491 1780 CCLXX.

79 1791 249 1824 CCXlllu
270 1793 419 1825 libertini
439 1794 472 1825 in
490 1799 647 1835 quattuor
664 1795 774 1826 tribus
797 1794 926 1826 redacti
952 1799 1038 1831 sunt,
1064 1804 1136 1826 cum
1154 1799 1250 1826 antea
1269 1794 1415 1836 dispersi
1432 1804 1490 1836 per

77 1849 186 1869 omnes
206 1837 356 1880 fuissent,
385 1839 594 1881 Esquilinam
612 1840 797 1872 Palatinam
813 1839 1019 1872 Suburanam
1037 1839 1212 1871 Collinam.
1249 1838 1281 1870 C.
1301 1839 1492 1872 Flaminius-

79 1894 194 1915 censor
220 1885 307 1915 riam
330 1883 533 1916 Flaminiam
559 1885 679 1918 muniit
702 1891 734 1917 et
757 1886 883 1918 circum
900 1885 1101 1917 Flaminium
1123 1885 1306 1918 exstruxit.
1339 1885 1492 1917 coloniae

77 1930 235 1961 deductae
254 1934 331 1961 sunt
348 1930 381 1961 in
400 1940 480 1971 agro
498 1940 518 1961 a
538 1931 646 1963 Gallis
666 1936 762 1974 capto
782 1931 954 1963 Placentia
974 1935 1007 1963 et
1024 1931 1196 1963 Cremona.

75 2647 135 2676 Tit.
155 2649 219 2677 Liv.
239 2650 325 2687 Pars.
347 2650 395 2678 111.
415 2651 431 2677 3
461 2650 539 2677 Aufl.
1157 2652 1199 2685 31
