1763 2983
149 611 167 642 5

203 208 278 249 172

674 210 797 244 LIBER
823 212 890 246 Vll.
929 211 1021 246 CAP.
1048 212 1101 246 39.

1453 215 1475 234 a.
1498 216 1523 235 u.
1544 207 1608 236 412.

197 316 323 365 gendo
355 326 482 353 moras
513 313 716 354 retinebat.
764 321 802 356 et
833 316 959 368 primo
991 317 1149 368 quidem
1184 315 1303 367 ignari
1335 312 1604 354 ludificationis

198 371 362 410 minime
395 370 503 409 inviti
534 371 672 410 domos
703 372 945 419 revisebant3
985 378 1190 424 postquam
1225 385 1352 423 neque
1388 371 1529 411 reverti
1559 371 1605 411 ad

198 428 308 478 signa
328 427 491 478 primos,
515 440 588 467 nec
610 429 732 467 ferme
753 429 869 469 alium
894 442 1010 481 quam
1033 430 1100 481 qui
1118 429 1156 468 in
1175 429 1382 480 Campania
1399 428 1604 468 hibernas-

197 490 296 531 sent,
319 484 605 536 praecipueque
628 499 673 524 ex
697 486 754 525 liis
776 486 980 525 seditionis
1002 492 1178 525 auctores
1198 486 1297 524 mitti
1315 485 1505 531 viderunt,
1529 484 1608 537 pri-

197 554 306 581 mum
329 541 544 589 admiratio,
569 542 708 581 deiude
732 544 830 583 haud
854 543 994 582 dubius
1017 543 1134 581 timor
1155 542 1317 581 incessit
1338 542 1488 581 animos
1511 555 1606 581 con-

199 598 282 638 silia
315 611 384 637 sua
417 611 639 639 emanasse:

673 600 748 639 iam
781 600 1047 651 quaestiones,
1080 600 1154 638 iam
1176 599 1329 646 indicia,
1361 599 1436 637 iam
1459 599 1607 638 occulta

193 655 435 706 singulorum
459 656 645 707 supplicia
661 657 925 708 inpotensque
945 662 983 695 et
1000 657 1157 695 crudele
1168 656 1377 695 consulum
1393 669 1437 694 ac
1453 662 1607 707 patrum

146 719 165 749 6
196 714 235 753 in
266 726 308 752 se
328 724 495 763 regnum
517 726 711 764 passuros.
754 714 847 752 haec
876 714 942 766 qui
972 714 1011 752 in
1033 713 1171 752 castris
1202 718 1313 752 erant
1339 713 1499 752 occultis
1523 724 1607 752 ser-

193 769 377 810 monibus
395 776 545 816 serunt,
570 783 710 809 nervos
733 771 1012 810 coniurationis
1032 776 1207 809 exsectos
1230 775 1312 810 arte
1330 770 1503 810 consulis
1521 781 1607 809 cer—

149 839 165 869 7
197 833 350 867 nentes.
393 828 533 866 cohors
555 840 632 866 una
654 840 743 866 eum
765 828 868 866 hand
892 828 1024 878 procul
1046 828 1204 867 Anxure
1227 833 1339 873 esset,
1363 827 1407 866 ad
1426 826 1607 866 Lautulas

193 886 293 925 saltu
314 889 479 935 angusto
497 884 600 922 inter
618 896 723 923 mare
740 897 784 923 ac
806 885 950 923 montis
968 885 1148 924 consedit
1165 885 1210 924 ad
1229 884 1490 936 excipiendos,
1509 895 1606 935 quos

148 954 167 986 8
197 941 331 981 consul
354 941 436 980 aliis
458 946 574 992 atque
596 941 689 985 aliis,
714 947 756 980 ut
777 947 866 980 ante
889 942 1035 981 dictum
1057 947 1128 988 est,
1152 942 1277 981 causis
1300 941 1491 980 mittebat.
1530 941 1607 979 iam

198 999 317 1038 valida
339 998 549 1037 admodum
572 1011 738 1037 numero
761 1011 902 1038 manus
926 1005 1019 1045 erat,
1044 999 1339 1051 necquicquam
1362 998 1407 1037 ad
1429 997 1518 1037 iusti
1541 1010 1607 1036 ex-

197 1056 340 1095 ercitus
370 1055 537 1094 formam
568 1061 723 1106 praeter
745 1056 884 1094 ducem
908 1056 1052 1095 deerat.
1083 1055 1320 1118 inconpositi
1343 1056 1472 1106 itaque
1494 1067 1608 1106 prae-

197 1114 336 1153 dantes
358 1113 398 1152 in
420 1125 554 1163 agrum
577 1112 770 1151 Albanum
792 1113 1049 1163 perveniunt,
1074 1118 1112 1151 et
1133 1113 1235 1151 sub
1227 1125 1314 1163 lugo
1337 1112 1455 1151 Albae
1472 1113 1608 1174 longae

148 1184 166 1215 9
197 1176 319 1210 castia
338 1169 433 1208 vallo
455 1169 627 1220 cingunt.
660 1170 832 1220 pertecto
855 1169 946 1208 inde
967 1182 1084 1221 opere
1105 1169 1301 1221 reliquum
1319 1169 1395 1208 diei
1415 1169 1492 1208 de
1483 1181 1610 1220 impe-

192 1233 320 1268 latore
343 1226 537 1267 sumendo
561 1226 770 1266 sententiis
795 1226 908 1265 decei
912 1232 1007 1273 tant
1040 1226 1134 1266 nulli
1157 1240 1203 1311 εξ
1226 1226 1494 1277 piaesentibus
1516 1225 1610 1265 satis

126 1299 167 1331 10
196 1285 382 1324 fidentes:
405 1296 554 1335 quem<
545 1289 676 1322 autem
699 1284 745 1323 ib
762 1284 885 1323 Roma
908 1296 1020 1334 posse
1043 1281 1190 1322 exciri?

1228 1296 1345 1335 quein
1367 1288 1453 1334 pati
1456 1295 1523 1323 um
1545 1287 1612 1322 aut

197 1341 323 1395 plebis
347 1354 444 1388 esse,
475 1340 543 1393 qui
566 1346 632 1381 aut
654 1353 696 1380 se
717 1346 826 1380 tanto
848 1353 918 1393 pei
921 1341 1021 1380 1culo
1044 1340 1174 1381 sciens
1197 1341 1347 1387 offerat,
1380 1345 1445 1381 aut
1474 1340 1535 1380 eui
1564 1352 1612 1379 ex

241 1471 340 1502 4-5.
373 1469 558 1501 revisebane
576 1470 633 1500 hat
651 1468 705 1500 ein
723 1469 863 1500 anderes

197 1516 333 1557 Subject
351 1515 402 1546 als
428 1513 589 1546 viderunt.
619 1533 660 1537 —
689 1516 722 1545 z'tz
743 1513 864 1557 Camp.,

199 1562 287 1594 nicht
306 1561 339 1592 in
354 1561 476 1592 Suessa
494 1560 559 1591 und
576 1560 723 1592 anderen
741 1570 864 1591 aurun-

197 1608 333 1639 kisehen
351 1605 500 1638 St'adten.
520 1624 561 1627 —
579 1606 610 1636 Ιι.
628 1605 658 1637 α’.
670 1607 772 1637 timor
788 1610 864 1645 ete„

196 1652 502 1693 Besorgnissderen
513 1649 633 1691 object
650 1650 742 1682 nicht
757 1662 797 1681 zu
807 1651 865 1682 be-

195 1697 592 1737 zweifelnist.-e17mn.,
603 1697 664 1737 sus,
674 1696 705 1735 3,
715 1697 791 1727 3.—
803 1707 866 1727 sua

196 1743 254 1777 auf
279 1743 333 1775 die
363 1742 415 1773 bei
444 1743 575 1773 animos
604 1752 644 1772 zu
674 1741 863 1773 denkenden

198 1791 363 1822 Personen
381 1799 421 1819 zu
440 1787 606 1819 beziehen.
633 1806 674 1809 —-
699 1788 865 1829 qaaestio-

196 1847 265 1876 πω,
289 1833 618 1866 ausserordentliche
638 1832 813 1871 Gerichte‚
834 1833 865 1873 4,

199 1883 252 1921 50,
281 1880 311 1911 7.
337 1878 469 1920 indicia,
494 1889 558 1910 von
585 1878 701 1917 denen,
725 1878 778 1909 die
805 1889 867 1909 nur

197 1938 261 1958 von
288 1925 347 1956 der
365 1924 468 1955 Sache
491 1924 609 1964 geho'rt
633 1924 760 1964 hatten,
786 1923 867 1955 oder

196 1983 261 2004 von
270 1969 526 2009 Mischuldigen,
538 1978 633 2000 wenn
648 1969 746 2000 ihnen
757 1968 866 2000 Straf-

196 2016 356 2058 losigkeit
385 2014 597 2055 zugesiehert
627 2015 752 2053 wurde,
782 2014 865 2046 Sall.

198 2064 268 2095 Cat.
287 2062 341 2093 47.
357 2080 399 2084 -—
418 2060 553 2101 occulta,
571 2059 634 2091 wie
654 2060 684 2095 4
704 2060 755 2099 51,
775 2059 806 2091 3.
836 2078 867 2081 —

196 2110 360 2152 inpotem,
385 2107 416 2147 3,
436 2106 489 2145 36,
509 2106 538 2136 2.
566 2124 608 2128 ——
630 2083 776 2147 patrum,
799 2105 865 2145 vgl.

195 2165 222 2186 (-
240 2155 294 2193 46,
310 2153 344 2183 7:
364 2150 495 2183 crudele
507 2152 645 2181 senatus
660 2150 866 2189 consultum,

196 2200 245 2232 sie
263 2198 417 2230 lu1chten
435 2196 489 2227 die
507 2206 612 2235 ganze
630 2195 735 2227 Saehe
753 2196 865 2227 werde

197 2246 270 2277 dem
288 2242 396 2276 Volke
420 2246 594 2281 entzogen‚
620 2252 683 2272 nur
702 2252 765 2272 von
793 2241 865 2272 dein

196 2292 317 2322 Senate
332 2288 395 2319 und
410 2287 470 2318 den
487 2285 633 2318 Consuln
650 2286 863 2318 entschieden

197 2335 341 2367 werden.

242 2380 339 2412 6—7.
381 2379 534 2409 eata-eccos
559 2377 688 2408 scheint
710 2380 782 2408 arte
799 2377 863 2408 und

195 2427 369 2458 cernentes
397 2424 490 2455 mehr
507 2433 547 2453 zu
574 2423 793 2464 entsprechen
813 2422 863 2453 als

195 2473 252 2503 das
279 2471 350 2502 hds.
380 2470 508 2507 eiectos,
538 2478 565 2499 5.
596 2467 663 2499 Cic.
690 2467 774 2500 Sest.
812 2468 866 2508 65,

199 2517 278 2550 135;
308 2517 334 2547 e'e‘
360 2513 536 2546 medentur
554 2513 779 2556 reipublicae,
809 2515 868 2554 (μιί

194 2563 350 2594 emsecant
369 2563 506 2603 pestem,
540 2557 670 2590 Cluent.
696 2558 756 2600 66,
786 2559 864 2597 1873

196 2608 327 2640 Andere
347 2605 540 2638 verinuthen
565 2603 736 2636 electos:
746 2613 864 2645 ausge-

194 2652 297 2697 rupft,
321 2652 388 2693 vgl.
407 2649 474 2683 Cic.
492 2649 556 2690 leg.
575 2659 644 2691 agr.
663 2650 695 2692 2,
721 2649 774 2691 33,
797 2650 857 2689 91;

937 1468 1036 1500 Tusc.
1058 1468 1160 1510 3,34;
1180 1468 1239 1508 833
1257 1467 1332 1500 Div.
1352 1467 1384 1508 2,
1403 1468 1456 1507 72,
1477 1466 1548 1500 149.
1569 1487 1611 1491 ——

938 1515 1098 1554 Anoezzre,
1117 1515 1147 1553 4,
1165 1514 1216 1546 59.
1236 1533 1278 1537 —
1297 1512 1442 1554 Lantul„
1462 1523 1488 1544 s.
1507 1513 1538 1555 9,
1557 1513 1611 1556 23,

937 1561 969 1596 4,
984 1560 1037 1591 ein
1047 1559 1269 1592 Volskischer
1283 1558 1428 1591 Flecken
1442 1558 1611 1591 zwischen

938 1604 1120 1637 Terracina
1139 1605 1203 1637 und
1219 1604 1333 1636 Fundi.
1353 1624 1394 1627 —
1412 1604 1500 1635 salta
1517 1615 1610 1647 ungu,

938 1661 972 1682 es
992 1650 1036 1682 ist
1058 1651 1112 1682 die
1130 1650 1498 1691 Verbindungsstrasse
1525 1650 1608 1682 zwi-

939 1697 1036 1727 schen
1054 1696 1184 1727 Latium
1203 1695 1268 1726 und
1284 1694 1494 1738 Cainpanien,
1512 1705 1538 1727 s.
1556 1695 1609 1738 22,

944 1742 994 1781 15,
1016 1742 1072 1779 11,
1098 1741 1195 1773 Nieb.
1218 1741 1246 1780 1,
1266 1740 1341 1772 4:33.
1368 1759 1410 1763 —
1437 1741 1609 1772 cohors-

939 1786 1093 1827 consedit,
1107 1787 1196 1818 diese
1210 1786 1336 1818 miisste
1353 1790 1465 1818 zuerst
1480 1796 1611 1827 wegge-

940 1833 1069 1864 schiekt
1088 1832 1170 1873 sein,
1197 1832 1262 1863 und
1281 1833 1340 1863 der
1357 1830 1482 1863 Consul
1501 1832 1608 1864 nichts

940 1888 1003 1910 von
1023 1879 1083 1909 der
1102 1876 1299 1919 Anh'ausung
1318 1878 1377 1909 der
1395 1877 1558 1920 Empiirer
1576 1877 1611 1909 iu

941 1923 1055 1955 seine1
1072 1922 1163 1954 N'ahe
1181 1923 1301 1964 geho'rt
1318 1923 1433 1955 haben.

986 1968 1446 2009 8—16.mle?d.c1dm.,vgl
1464 1968 1546 2022 App.
1554 1969 1573 2001 l.
1589 1969 1611 2002 l.

940 2015 1000 2046 καὶ
1018 2011 1100 2049 τοὺς
1117 2013 1176 2045 ἐπὶ
1195 2015 1264 2045 τῶι
1280 2013 1395 2057 ἔργων
1412 2012 1452 2046 ἒν
1469 2016 1546 2050 τοῖς
1572 2012 1612 2046 α’-

938 2057 1613 2137 {fitztff‘lssff”ffifilssfflssidgassflff

1596 2118 1613 2139 r

940 2150 1101 2190 bebauen)
1126 2144 1278 2182 ἕκλύσαα
1272 2160 1345 2202 τες,
1364 2151 1423 2181 καὶ
1439 2117 1613 2203 &wisogas-

938 2207 1040 2231 τες-
1058 2193 1218 2236 ἤλαυνον
1233 2192 1283 2231 ἐς
1286 2192 1419 2238 Ρώμην
1431 2192 1524 2239 ὁιιοῦ
1540 2195 1611 2233 ‹5¹5-

937 2238 1061 2285 ιιύριοι
1080 2238 1279 2284 γεγονότες.
1301 2260 1342 2263 ——
1362 2242 1499 2284 z'neomp.
1519 2242 1539 2273 ι’.
1556 2252 1610 2285 pr

938 2301 983 2305 —
1016 2286 1094 2318 dnm
1132 2286 1345 2329 praedantur
1389 2287 1609 2335 incompositi,

938 2343 999 2376 pei·
1003 2333 1144 2372 veniunt,
1172 2331 1203 2370 3,
1230 2331 1283 2371 26,
1302 2332 1332 2363 ¹).
1360 2350 1401 2354 -
1429 2340 1474 2363 ez·
1488 2342 1599 2375 praes.
1593 2358 1614 2376 .,

937 2377 1141 2418 ·,9,36,2,
1165 2356 1445 2418 Tac.}’1.2,65;
1470 2377 1610 2420 v'.gl24,

938 2424 991 2463 23,
1016 2425 1045 2454 5.
1072 2441 1113 2445 -
1139 2428 1233 2463 quem
1258 2425 1341 2462 ant„
1366 2422 1472 2454 davor
1498 2423 1544 2455 ist
1569 2434 1610 2456 zu

937 2469 1082 2501 ‹lenken:
1107 2478 1141 2499 es
1165 2468 1276 2499 miisse
1295 2468 1366 2499 also
1393 2467 1446 2498 ein
1464 2469 1607 2510 anderer

936 2515 1076 2555 gesueht
1094 2513 1246 2545 werden:
1265 2523 1335 2544 wer
1353 2512 1434 2544 aber
1451 2523 1515 2544 nun
1533 2525 1564 2545 u.
1582 2525 1608 2547 s.

937 2570 990 2601 w.,
1009 2569 1033 2591 s.
1049 2570 1076 2591 c.
1094 2558 1145 2599 38,
1165 2558 1196 2591 6.
1213 2577 1254 2581 —
1267 2558 1382 2601 plebis,
1401 2559 1608 2598 angesehene

936 2604 1100 2646 Plebejer.
1120 2623 1162 2628 »-
1181 2605 1411 2646 quiunt—aut
1424 2605 1486 2644 mci,
1505 2604 1536 2645 2,
1552 2605 1606 2646 27,

937 2651 967 2683 2.
999 2669 1040 2675 -—
1068 2660 1114 2682 ew
1131 2651 1246 2692 intur„
1275 2649 1310 2682 in
1336 2647 1439 2690 Fulge
1457 2659 1487 2681 u.
1506 2659 1533 2683 s.
1551 2660 1605 2694 W„
