1763 2983
143 219 168 237 a.
186 210 314 237 01].294.
657 209 782 242 LIBER
799 209 844 243 X.
885 210 977 243 CAP.
997 212 1049 244 36.
1473 217 1546 256 451

142 315 309 355 sarcinas
321 313 536 360 coniciunt3
554 312 690 352 armati
707 312 786 352 suis
808 313 972 365 quisque
994 314 1195 354 ordinibus
1206 315 1403 355 instruunt
1415 317 1550 357 aciem.

142 373 217 411 iam
239 371 417 422 exiguum
439 370 539 408 inter
560 369 653 408 duas
675 369 775 408 acies
799 375 880 408 erat
897 371 1079 421 spatium,
1110 377 1147 410 et
1168 372 1323 412 stabant
1341 380 1552 425 expectan-
1580 385 1599 417 2

141 434 214 474 tes,
237 429 329 467 dum
352 427 398 466 ab
420 426 601 465 hostibus
618 426 725 477 prius
749 426 927 477 impetus,
950 428 1055 478 prius
1067 429 1421 481 clamorinciperet.
1453 443 1550 471 neu·
1581 442 1600 473 3

143 485 212 524 tris
234 485 386 523 animus
409 488 468 522 est
496 484 542 522 ad
566 483 830 534 pugnandum,
860 484 1078 536 diversique
1106 486 1248 537 integri
1280 493 1395 539 atque
1418 488 1553 528 intacti

144 542 322 587 abissent,
345 541 386 579 ni
409 540 563 579 cedenti
584 540 821 579 instaturum
844 540 1008 579 alterum
1030 542 1271 582 timuissent.
1318 557 1388 583 sua
1411 551 1551 596 sponte

142 600 244 637 inter
266 598 404 636 invitos
414 596 777 647 tergiversantisque
801 597 930 647 segnis
948 610 1075 649 pugna
1089 599 1418 640 clamoreincerto
1436 608 1550 653 atque

143 655 267 707 inpari
285 654 429 706 coepit,
451 666 522 692 nec
540 653 697 703 vestigio
717 653 920 704 quisquam
938 654 1179 694 movebatur.
1213 661 1296 695 tuni
1320 659 1455 697 consul
1472 659 1552 698 Ro-

143 723 295 755 manus,
316 716 359 750 ut
379 723 461 749 rem
485 710 683 756 excitaret,
713 710 886 761 equitum
912 723 1051 761 paucas
1073 717 1222 751 turmas
1245 719 1351 752 extra
1374 715 1552 754 ordinem

144 769 310 815 inmisit3
333 780 500 819 quorum
526 779 613 806 cuin
631 767 804 818 plerique
822 767 966 818 delapsi
988 780 1032 806 ex
1050 769 1160 820 equis
1183 775 1313 808 essent
1329 775 1367 808 et.
1388 771 1449 810 alii
1466 777 1553 811 tur-

143 826 232 870 bati,
255 830 291 864 et
312 824 579 864 aSamnitiunl
601 824 680 862 acie
702 824 748 862 ad
771 824 1049 875 oplniinendos
1072 838 1151 871 eos,
1175 826 1239 877 qui
1262 827 1493 874 ceciderant,
1516 833 1554 868 et

145 883 190 922 ad
212 895 303 922 suos
324 882 492 921 tuendos
515 880 561 919 ab
584 881 769 919 Romanis
791 894 1023 932 procursum
1046 888 1116 921 est.
1164 882 1251 921 inde
1273 884 1430 935 paulum
1454 885 1553 924 inri-

145 944 221 979 tata
243 950 371 990 pugna
393 944 468 986 631,
499 938 564 978 sed
586 938 780 989 aliquanto
804 943 843 977 et
863 938 1012 989 inpigre
1034 939 1154 989 inagis
1176 945 1215 978 et
1236 941 1366 991 plures
1389 954 1552 992 procur-

144 1001 276 1035 rerant
299 995 509 1041 Samnites,
531 1000 569 1033 et
591 995 767 1033 turbatus
786 1008 903 1047 eques
913 995 1258 1046 suaipsesuljsidia
1284 998 1425 1037 territis
1443 999 1552 1050 equis

144 1052 388 1105 proculcavit.
420 1053 511 1091 hinc
527 1052 614 1102 fuga
627 1056 759 1103 coepta
770 1057 890 1090 totam
910 1053 1048 1091 avertit
1060 1053 1180 1092 aciem
1192 1054 1429 1102 Romanam,
1451 1056 1552 1095 iain-

145 1123 220 1162 que
241 1109 281 1148 in
301 1114 406 1160 terga
427 1109 663 1159 fugientium
686 1109 881 1147 Samnites
903 1109 1138 1160 pugnabant,
1172 1123 1260 1149 cum
1283 1113 1419 1150 consul
1450 1125 1552 1164 equo

144 1172 367 1218 praevectus
389 1167 435 1204 ad
457 1171 609 1217 portam
632 1170 847 1204 castrorum
866 1166 1084 1205 aestatione
1106 1167 1281 1218 equitum
1304 1167 1355 1207 ibi
1377 1170 1552 1220 opposita

147 1223 362 1274 edictoque,
384 1228 439 1268 ut,
462 1222 698 1273 quicumque
719 1222 765 1261 ad
788 1223 927 1261 vallum
950 1222 1139 1270 tenderet,
1164 1224 1243 1263 sive
1265 1224 1326 1263 ille
1348 1225 1552 1265 Romanus

146 1281 222 1318 sive
234 1280 385 1318 Samnis
404 1284 517 1324 esset,
540 1291 609 1330 pro
629 1279 741 1318 hoste
760 1279 959 1326 haberent,
982 1280 1077 1319 haec
1093 1280 1175 1332 ipse
1197 1281 1383 1321 minitans
1402 1282 1551 1322 obstitit

145 1338 263 1375 effuse
291 1336 540 1375 tendentibus
569 1336 648 1374 suis
676 1335 716 1374 in
748 1340 882 1375 castra.
917 1349 1019 1388 „quo
1049 1337 1203 1388 pergis“
1235 1338 1363 1390 inquit
1385 1338 1553 1385 ‚‚1niles²?

146 1398 182 1432 et
210 1393 271 1432 hic
292 1406 397 1432 arma
427 1397 464 1431 et
487 1392 588 1431 viros
617 1392 808 1440 invenies,
839 1405 914 1431 nee
941 1393 1024 1431 vivo
1058 1395 1217 1434 consule
1246 1400 1315 1434 tuo
1336 1396 1410 1434 nisi
1432 1396 1554 1436 victor

144 1455 268 1488 eastra
292 1450 473 1488 intrabis:
496 1449 662 1500 proinde
685 1449 791 1499 elige,
815 1462 902 1488 cuin
921 1450 1002 1489 cive
1019 1462 1068 1490 an
1080 1451 1189 1490 hoste
1207 1464 1379 1503 pugnare
1400 1454 1553 1493 malis.“

143 1507 237 1545 haec
259 1506 410 1545 dicente
432 1507 590 1545 consule
608 1506 757 1558 equites
774 1506 925 1545 infestis
944 1507 1169 1557 cuspidibus
1180 1508 1553 1550 circumfunduntur

143 1576 186 1602 ae
206 1563 376 1615 peditem
398 1564 437 1602 in
458 1574 624 1614 pugnam
648 1563 773 1602 redire
786 1563 934 1602 iubent.
967 1576 1047 1602 non
1057 1564 1179 1603 virtus
1197 1566 1326 1604 solum
1350 1567 1553 1606 consulem

144 1621 211 1660 sed
234 1622 313 1659 fors
335 1620 452 1659 etiam
474 1620 629 1667 adiuvit,
654 1621 759 1671 quod
781 1632 860 1659 non
882 1621 1109 1660 institerunt
1131 1622 1338 1669 Samnites,
1362 1624 1554 1675 spatium-

141 1710 161 1753 ξ
182 1711 218 1743 13
236 1721 267 1741 u.
285 1715 378 1742 sonst
395 1710 543 1751 braucht,
561 1715 645 1742 statt
662 1711 717 1742 des
735 1711 806 1742 hds.
883 1711 974 1744 nicht
992 1712 1025 1744 iu
1043 1712 1149 1744 eiuein
1167 1713 1301 1754 Angriff
1318 1714 1378 1746 der
1395 1724 1556 1755 gesannn-

143 1759 174 1787 in
193 1755 310 1796 medt'O,
334 1766 360 1787 s.
379 1756 432 1795 22,
450 1757 481 1797 2,
500 1756 529 1787 S.
562 1775 604 1779 —
631 1758 811 1798 effiginam,
883 1762 938 1789 ten
956 1757 1116 1789 Reiterei.
1140 1777 1183 1781 ——
1206 1759 1363 1801 plerique,
1382 1772 1409 1792 c.
1433 1761 1483 1801 13,
1504 1762 1554 1793 14.

143 1813 204 1833 nur
222 1802 305 1833 noch
323 1812 353 1834 u.
373 1812 399 1833 s.
416 1810 457 1832 w.
481 1820 523 1825 —-
548 1801 638 1843 dum,
657 1802 687 1841 9,
707 1802 760 1842 32,
781 1804 810 1834 5.
883 1819 925 1826 ——
942 1806 972 1834 et
990 1814 1053 1835 vor
1068 1803 1129 1834 αΙίί
1156 1804 1221 1843 (die
1239 1805 1389 1846 iibrigen)
1408 1806 1452 1838 ist
1469 1806 1556 1839 viel-

141 1847 264 1878 clamor
280 1848 441 1889 hysteron
459 1852 616 1889 proteron
634 1852 733 1879 statt:
752 1848 811 1879 der
883 1848 988 1880 leieht
1005 1849 1109 1880 durch
1126 1850 1184 1881 das
1203 1849 1282 1890 folg.
1297 1854 1328 1882 et
1345 1852 1556 1885 entstanden.

142 1892 276 1931 Angrill'
294 1896 394 1924 uuter
418 1891 591 1924 Geschrei.
621 1911 663 1915 —
693 1904 746 1924 αη.
766 1892 812 1924 ad

139 1948 243 1980 pugn.
264 1938 293 1977 9,
311 1938 343 1977 4,
364 1939 391 1970 1.
406 1957 448 1961 —
465 1939 594 1980 integri
609 1949 639 1969 a.
657 1940 691 1977 ιζ,
711 1949 738 1970 c.
759 1939 811 1978 14,

141 1985 193 2014 20.
209 2001 251 2006 —-
268 1984 436 2024 instatur„
453 1983 483 2025 2,
501 1984 532 2024 7,
551 1984 586 2023 93
606 1984 636 2023 7,
653 1984 706 2022 39,
726 1985 756 2016 4.
768 2002 811 2007 -—

141 2038 203 2059 sua
217 2031 339 2071 sponte,
357 2028 543 2069 bisweileu,
561 2030 625 2060 und
640 2030 739 2061 sehon
759 2029 812 2061 bei

141 2073 268 2112 Cicero,
288 2084 352 2105 von
370 2073 495 2106 Sachen
514 2074 708 2115 gebraueht,
734 2086 760 2106 s.
780 2075 812 2115 2,

142 2118 241 2159 23,2;
260 2119 384 2158 9‚7‚S;
403 2119 446 2151 ib.
465 2120 519 2160 41,
542 2120 595 2153 17:
614 2131 678 2151 von
692 2120 812 2160 selbst,

140 2165 222 2196 ohne
236 2164 454 2205 Einwirkung
470 2164 726 2207 derMeuschen,
743 2166 810 2206 vgl.

141 2220 169 2241 c.
187 2209 238 2250 19,
256 2210 284 2251 1,
302 2210 460 2242 bedentet
474 2210 548 2242 hier
563 2211 666 2243 neben
684 2212 813 2252 invitos,

143 2256 218 2286 dass
238 2255 289 2287 die
309 2255 463 2287 Schlacht
493 2256 576 2288 ohue
604 2256 811 2288 bestinnntes

142 2300 338 2332 Counnaudo
357 2300 504 2341 begiunt,
528 2301 633 2341 ngc.
656 2302 706 2343 19,
727 2302 776 2333 14.
792 2320 814 2324 —

142 2345 283 2378 elamore
298 2347 359 2377 ine.
381 2351 456 2387 etc.,
474 2347 506 2387 4,
525 2346 577 2386 37,
596 2348 626 2379 9.
648 2366 691 2370 ——-
714 2348 813 2379 vesti-

138 2392 207 2431 gio,
225 2392 276 2432 21,
293 2392 348 2432 44,
366 2392 406 2432 (53
430 2392 576 2432 dagegen
601 2392 655 2433 44,
680 2393 733 2433 26,
754 2394 812 2425 11:

141 2436 218 2467 inde
236 2455 277 2459 ——
298 2438 475 2478 restt'gicmt
492 2440 656 2469 moturos.
674 2456 717 2460 —
741 2447 813 2469 mo—

144 2481 219 2520 Μὰ,
238 2482 396 2521 reflexim
415 2482 459 2514 im
474 2481 664 2523 Gegensatz
682 2494 722 2514 zu
734 2493 813 2526 pro-

142 2536 279 2559 currere
297 2527 317 2569 §
335 2528 366 2559 4..

187 2572 286 2604 4—7.
313 2574 483 2611 ατοίΐανεί,
503 2573 546 2604 i1n
565 2572 754 2614 Gegeusatz
772 2584 813 2604 zu

143 2618 318 2659 segnisp.:
337 2628 388 2648 uui
405 2620 498 2649 mehr
515 2629 556 2649 zu
574 2618 723 2657 beleben,
742 2629 767 2649 s.
783 2620 813 2660 7,

144 2662 175 2702 2,
192 2661 232 2701 63
252 2662 393 2694 nachher
406 2664 558 2696 inritata.
571 2666 718 2695 —eaetra
730 2663 812 2705 ord„

884 1913 926 1916 —
943 1896 1078 1937 inpigre
1094 1897 1125 1926 et
1138 1894 1195 1938 pl,
1214 1895 1244 1935 2,
1263 1896 1315 1934 30,
1338 1898 1388 1929 11.
1413 1916 1456 1920 —-
1478 1899 1556 1930 selb-

884 1939 982 1978 sidia,
1016 1940 1070 1971 die
1103 1940 1214 1972 hinter
1245 1941 1341 1973 ihnen
1374 1943 1555 1975 steheuden

884 1984 1124 2027 Fusstruppen.
1157 2004 1199 2009 —
1231 1988 1377 2029 interga
1390 1998 1434 2030 p.,
1462 1988 1556 2021 Flor.

884 2030 916 2071 2,
934 2031 975 2061 23
994 2031 1039 2071 (4,
1058 2030 1122 2072 12),
1141 2031 1175 2062 7:
1202 2034 1300 2074 terga
1322 2034 1467 2065 lzoslt'u‘m.
1481 2045 1557 2077 per-

884 2076 1013 2115 cecidit,
1045 2077 1112 2117 vgl.
1136 2078 1172 2117 1,
1201 2079 1257 2117 14,
1287 2079 1336 2111 11.
1365 2097 1410 2102 --
1438 2082 1557 2112 stateru-

884 2132 925 2153 ηε
952 2122 1025 2153 eine
1053 2122 1259 2164 Abtheiluug
1286 2124 1337 2155 als
1360 2124 1494 2158 Postea.
1513 2144 1556 2148 -

885 2169 1043 2210 opposita,
1067 2168 1129 2199 den
1146 2167 1350 2201 Fliehenden
1375 2170 1405 2211 6,
1423 2170 1477 2211 23,
1499 2171 1554 2210 12;

886 2212 930 2244 ib.
948 2213 1001 2252 24,
1021 2214 1051 2244 5.
1082 2231 1124 2236 —
1152 2213 1306 2255 edictoq„
1337 2226 1365 2247 s.
1391 2217 1421 2255 5,
1450 2217 1500 2255 19,
1520 2218 1555 2247 9:

883 2257 995 2299 edicto,
1013 2269 1061 2289 ne.
1083 2275 1126 2281 ——
1148 2259 1305 2291 haberent
1322 2271 1350 2291 n.
1371 2272 1458 2301 eune,
1487 2271 1557 2293 was

883 2303 968 2344 hier,
987 2303 1139 2344 ohgleich
1156 2304 1388 2337 dei-Nominat.
1405 2309 1556 2348 quicum·-

884 2359 946 2390 (μω
964 2349 1177 2389 vorausgeht,
1196 2349 1306 2382 fehlen
1325 2351 1459 2391 konute,
1478 2351 1556 2383 weil

885 2393 1166 2426 keiuNachdruck
1176 2394 1556 2437 daraufliegt,s.6‚4‚5u.

884 2449 912 2471 a.
932 2458 975 2462 -—
1001 2441 1111 2481 effuse
1136 2444 1219 2472 statt
1243 2441 1301 2472 des
1319 2441 1389 2472 hds.
1404 2443 1556 2484 profuse,

884 2494 955 2516 was
972 2489 1067 2516 sonst
1084 2485 1175 2516 nicht
1203 2496 1240 2517 so
1266 2486 1451 2526 gebraucht
1468 2487 1555 2518 wird

884 2530 950 2561 und
968 2529 1062 2562 viell.
1088 2541 1146 2562 aus
1172 2540 1234 2573 pro
1251 2532 1340 2562 hoste
1356 2533 1555 2564 eutstanden

884 2575 946 2612 ist3
967 2574 1104 2616 Madvig
1121 2586 1224 2606 verni.
1239 2578 1445 2619 propesuse.

931 2620 1052 2652 8—12.
1083 2631 1126 2651 cm
1145 2621 1233 2651 hoste
1251 2622 1335 2652 ohne
1352 2632 1438 2662 own,
1456 2633 1481 2653 s.
1501 2622 1555 2661 33,

885 2663 939 2705 315,
964 2666 1011 2696 15.
1031 2683 1072 2687 ——
1090 2664 1230 2707 euspici„
1251 2666 1279 2704 S,
1299 2667 1329 2706 7,
1347 2668 1378 2699 9.
1403 2685 1444 2690 ——
1467 2667 1554 2709 som,

1205 2709 1271 2744 29*
