1763 2983
98 199 114 216 a
145 192 194 218 ci,⁴
217 192 275 217 315.
602 190 727 223 1]ssssst
756 190 812 223 lx.
849 192 942 224 (ΑΡ.
968 192 1021 225 23.
1426 193 1506 231 319

92 307 142 332 ne
160 290 302 338 essent,
322 293 490 333 diremit.
515 293 668 332 invenio
687 294 786 344 apud
807 295 994 345 quosdam
1013 294 1212 334 adversam
1232 308 1316 334 eam
1335 308 1504 346 pugnam
1536 307 1554 336 5

74 387 76 389 ,
93 351 278 389 Romanis
300 351 432 397 fuisse,
453 355 570 401 atque
592 350 632 388 in
655 363 698 389 ea
715 351 904 389 cecidisse
921 352 1130 398 Q.Aulium
1149 352 1377 404 magistrum
1396 352 1510 404 equi-

91 412 186 446 tum.
228 408 415 447 suffectus
447 408 487 445 in
509 408 638 446 locum
659 407 745 445 Auli
768 407 805 446 C.
830 407 971 447 Fabius
994 409 1179 460 magister
1208 409 1384 461 equitum
1418 422 1506 448 cum
1537 406 1561 450 θ’

90 464 260 503 exercitu
291 476 391 503 novo
413 465 459 503 ab
482 464 604 503 Roma
626 464 789 510 advenit,
811 470 849 503 et
878 477 947 515 per
968 466 1203 516 praemissos
1232 467 1390 505 nuntios
1411 479 1506 505 con-

91 521 191 560 sulto
214 521 419 567 dictatore,
452 521 518 560 ubi
540 520 789 568 subsisteret,
821 534 948 572 quove
969 527 1147 573 tempore
1175 528 1213 561 et
1234 536 1309 575 qua
1331 537 1376 562 ex
1399 530 1506 574 parte

91 579 242 616 hostem
265 578 556 628 adgrederetur,
579 577 752 617 substitit
773 578 945 617 occultus
967 579 1014 617 ad
1036 579 1167 618 omnia
1190 581 1281 618 satis
1298 580 1506 631 exploratis

91 634 271 673 consiliis.
313 635 477 674 dictator
498 647 587 674 cum
610 647 678 685 per
697 634 846 686 aliquot
869 635 951 674 dies
973 640 1060 687 post
1088 648 1259 687 pugnam
1288 638 1505 676 continuis·
1537 648 1553 677 7

89 697 149 730 set
184 704 275 731 suos
311 692 410 731 intra
443 692 586 730 vallum
624 692 773 730 obsessi
810 692 929 743 magis
966 705 1083 744 quam
1120 693 1338 732 obsidentis
1378 695 1508 741 modo,

90 749 248 799 signum
271 754 433 800 repente
454 761 605 800 pugnae
627 749 850 800 proposuit,
874 754 931 796 et,
954 750 1147 789 efficacius
1168 756 1276 789 ratus
1298 751 1343 790 ad
1367 763 1505 789 aceen-
1536 759 1554 790 8

92 805 238 843 ‹lendos
275 806 444 845 virorum
481 806 643 845 fortium
679 807 842 852 animos,
879 807 1023 845 nullam
1054 807 1143 846 alibi
1175 820 1290 858 quam
1318 808 1359 845 in
1388 815 1511 846 semet

93 862 175 913 ipso
198 862 376 914 cuiquam
399 863 569 901 relictam
587 875 711 914 spem,
736 863 782 901 de
801 863 986 914 magistro
1005 863 1181 915 equitum
1198 876 1378 916 novoque
1397 877 1510 903 exer—

91 920 167 958 citu
200 919 361 958 militem
386 920 523 959 celavit
552 925 609 967 et,
639 926 839 972 tamquam
870 921 974 960 nulla
1003 921 1078 959 nisi
1106 921 1146 960 in
1175 922 1379 973 eruptione
1415 935 1505 973 spes
1537 930 1555 961 9

91 981 211 1014 esset:
242 976 391 1023 ,‚locis‘⁸
424 977 551 1028 inquit
573 977 798 1028 ,‚angustis,
822 977 984 1024 milites,
1008 978 1258 1029 deprehensi,
1290 979 1365 1017 nisi
1388 991 1503 1030 quam

90 1033 246 1072 victoria
282 1034 583 1085 patefecerimus
619 1034 732 1081 viam,
770 1034 915 1073 nullam
950 1034 1154 1075 habemus.
1201 1036 1337 1075 stativa
1372 1042 1505 1075 nostra
1536 1048 1574 1079 10

90 1091 334 1129 munimento
363 1091 454 1129 satis
482 1096 566 1130 tuta
593 1097 703 1137 sunt,
733 1092 799 1130 sed
830 1091 961 1143 inopia
990 1092 1124 1131 eadem
1155 1092 1318 1132 infesta:
1352 1105 1441 1131 nam
1472 1098 1509 1132 et

90 1147 187 1186 circa
211 1148 339 1186 omnia
362 1148 600 1195 defecerunt,
624 1148 726 1187 unde
749 1147 912 1187 subvehi
935 1154 1177 1188 commeatus
1194 1156 1386 1201 poterant,
1406 1156 1456 1197 et,
1474 1151 1506 1189 si

91 1204 272 1243 homines
295 1205 424 1244 iuvare
448 1204 578 1249 velint,
610 1205 738 1257 iniqua
767 1206 847 1245 loca
879 1211 982 1245 sunt.
1033 1207 1162 1258 itaque
1187 1219 1267 1246 non
1288 1207 1505 1246 frustrabor
1535 1218 1566 1249 11

90 1274 158 1312 ego
188 1274 255 1299 vos
285 1267 407 1301 castra
437 1262 499 1301 hic
528 1261 802 1313 relinquendo,
833 1262 872 1300 in
901 1276 998 1314 quae
1026 1263 1166 1303 infecta
1195 1264 1372 1311 victoria,
1403 1265 1505 1303 sicut

90 1318 251 1369 pristino
275 1319 346 1365 die,
370 1331 437 1357 vos
459 1318 665 1370 recipiatis.
707 1319 824 1358 armis
845 1320 1107 1367 munimenta,
1139 1333 1219 1359 non
1250 1321 1504 1360 munimentis

89 1387 192 1413 arma
210 1380 294 1414 tuta
313 1388 396 1414 esse
412 1375 568 1414 debent.
599 1381 723 1415 castra
732 1376 902 1415 habeant
918 1382 1190 1429 repetantque,
1209 1378 1352 1429 quibus
1364 1391 1504 1430 operae
1539 1385 1576 1416 12

90 1438 149 1470 cst
170 1433 321 1471 trahere
344 1432 508 1479 bellum,
537 1445 607 1471 nos
630 1433 805 1472 omniun]
829 1446 963 1473 rerum
986 1440 1209 1486 respectum
1234 1441 1507 1488 praeterquam

90 1488 270 1527 victoriae
299 1488 414 1528 nobis
444 1489 702 1529 abscidamus.
753 1491 850 1529 ferte
877 1491 985 1542 signa
1016 1491 1055 1530 in
1083 1491 1257 1540 hostem,
1294 1492 1360 1531 ubi
1397 1498 1502 1532 extra
1538 1499 1575 1532 13

89 1546 227 1584 vallum
246 1558 383 1597 agmen
401 1547 622 1595 excesserit,
641 1552 774 1594 castra,
795 1548 936 1599 quibus
949 1549 1183 1600 imperatum
1197 1555 1268 1596 est,
1281 1550 1507 1589 incendent.

88 1603 228 1642 (lamna
252 1608 389 1651 vestra,
413 1603 570 1648 milites,
595 1604 774 1643 omnium
798 1606 896 1645 circa
918 1606 985 1657 qui
1008 1606 1247 1654 defecerunt,
1270 1608 1505 1658 populorum

87 1660 227 1710 praeda
248 1661 503 1700 sarcientur.“
540 1667 578 1700 et
599 1662 774 1702 oratione
795 1663 1007 1711 dictatoris,
1031 1677 1128 1715 quae
1150 1664 1395 1704 necessitatis
1412 1665 1505 1704 ulti-
1535 1672 1573 1704 14

89 1863 133 1868 -—
156 1845 287 1878 advers.
313 1851 376 1878 cte.
407 1858 443 1879 so
468 1846 596 1879 Diodor
619 1848 642 1879 l.
668 1848 690 1880 1.
716 1865 759 1871 —

90 1891 255 1931 cecidisse,
266 1893 349 1924 auch
359 1894 441 1925 uach
453 1892 755 1936 ‹lenFastiCapitoL

134 1937 254 1971 6—10.
281 1940 446 1980 suffectus
459 1943 535 1979 etc„
555 1940 629 1971 eine
644 1939 758 1971 solche

89 1981 272 2015 Nachwahl
295 1985 379 2015 wil-d
404 1995 464 2015 nur
489 1984 542 2016 bei
560 1984 674 2017 dieser
691 1983 758 2016 Ge-

88 2028 265 2069 legenheit,
293 2030 377 2061 auch
400 2030 433 2061 in
461 2030 521 2061 (len
540 2029 676 2071 Fasten,
704 2041 757 2063 er-

88 2074 210 2115 wiihnt,
228 2085 253 2106 s.
272 2075 401 2107 Becker
419 2076 449 2115 2,
468 2077 498 2117 2,
522 2077 593 2108 136.
617 2094 661 2099 —-
678 2077 756 2108 sub-

87 2122 152 2150 εἰῶ.
171 2129 249 2161 occ„
267 2120 320 2161 22,
351 2121 401 2161 12,
422 2122 456 2152 7:
483 2121 629 2153 occultus
645 2123 756 2153 sahsi-

88 2165 199 2196 scebat.
218 2184 260 2188 ——
276 2167 459 2210 emplomlis
475 2177 576 2207 omn„
599 2168 757 2200 nachdem

88 2220 124 2241 er
141 2210 221 2241 iiber
234 2211 341 2253 Alles,
358 2222 427 2244 was
443 2223 480 2244 er
498 2211 664 2254 fiirjeden
680 2213 756 2245 Fall

89 2266 130 2286 zu
148 2256 225 2287 thuu
245 2257 350 2298 hatte,
369 2258 594 2290 unterrichtet
612 2269 692 2290 war.
713 2277 756 2281 ——

87 2301 262 2345 obsident„
285 2303 335 2335 als
355 2303 395 2334 ob
420 2315 456 2336 er
483 2304 568 2335 noch
591 2315 654 2336 vor
672 2304 756 2336 Sora

87 2346 214 2379 stiinde.
225 2366 260 2370 —
278 2348 360 2380 alibi
367 2349 533 2389 (=c'nale‘a
546 2351 755 2391 7·e)-—qmmt‚

89 2393 120 2433 5,
147 2392 255 2433 52,6;
291 2395 340 2434 10,
367 2395 420 2435 20,
447 2395 503 2435 163
534 2396 667 2437 44‚1o,
697 2397 754 2435 103

87 2438 167 2469 Sall.
187 2437 210 2470 I.
231 2439 290 2470 60:
317 2451 421 2482 neque
439 2440 528 2472 altas
546 2442 581 2472 in
598 2440 663 2473 alio
680 2452 753 2472 ma-

83 2484 141 2524 gis
155 2494 253 2524 quam
271 2486 304 2516 in
328 2497 362 2516 se
379 2496 465 2528 spem
490 2487 624 2526 Ιιαὸθνθς
649 2487 750 2527 Verg.
786 2521 789 2523 Α

87 2528 167 2561 Aen.
189 2530 239 2569 11,
258 2531 335 2562 309.
353 2549 396 2554 —
412 2531 606 2574 cle—celav,
631 2533 752 2564 ebenso

88 2574 154 2606 Cic.
174 2574 261 2607 Fam.
283 2577 312 2615 7,
337 2578 391 2615 20,
418 2578 436 2608 3
456 2588 485 2609 ιι.
503 2589 532 2609 a.
557 2596 602 2600 -—
626 2578 751 2609 nullam

85 2619 170 2661 Izala,
193 2621 246 2653 die
266 2620 383 2653 Ruina-1·
403 2632 425 2653 u
435 2623 513 2654 iii-eu
536 2624 608 2654 also
635 2623 666 2654 iu
692 2624 753 2655 deu

832 1847 1027 1890 Engpiisseu
1059 1848 1258 1880 iiberrascht
1288 1849 1436 1881 worden.
1462 1869 1503 1872 —-

831 1894 944 1925 eadem
961 1894 1123 1934 zugleieh.
1140 1912 1183 1917 —-
1197 1896 1311 1926 omnia
1327 1894 1397 1936 ⁰¹13]-
1414 1896 1503 1936 geht,

832 1939 897 1970 wie
919 1938 939 1981 ξ
963 1940 1000 1972 13
1027 1940 1136 1980 zeigt,
1168 1940 1260 1972 nicht
1283 1940 1342 1972 auf
1363 1941 1420 1972 das
1445 1940 1465 1982 ξ
1485 1942 1502 1972 2

831 1985 1022 2025 elwiihnte,
1056 1996 1121 2017 von
1147 1985 1312 2017 Lautulae
1336 1985 1502 2018 entfernte

832 2031 928 2071 Sora,
947 2031 1217 2064 sonderndeutet
1234 2032 1328 2064 einen
1337 2031 1501 2064 Aufstand

831 2077 891 2108 der
908 2077 1073 2118 Ausoner,
1092 2087 1155 2108 s.c.
1172 2078 1225 2118 25,
1241 2078 1271 2119 2,
1289 2077 1355 2109 wol
1374 2077 1405 2109 in
1422 2078 1502 2110 Fol-

828 2132 869 2162 gc
909 2122 969 2153 der
997 2122 1219 2164 Niederlage,
1250 2122 1270 2164 ξ
1289 2125 1325 2164 5,
1349 2134 1407 2163 an,
1437 2124 1501 2154 und

830 2167 1026 2199 scheiutaus
1041 2169 1102 2200 den
1118 2168 1209 2200 diese
1226 2169 1420 2200 meldeuden
1434 2169 1502 2200 An-

829 2213 927 2245 nalen
945 2214 1095 2246 entlehut
1113 2226 1153 2246 zu
1172 2214 1254 2246 sein.

878 2260 1019 2292 11-16.
1041 2261 1186 2303 pristino
1204 2260 1249 2301 (1.,
1267 2261 1297 2302 4,
1317 2261 1370 2303 32,
1391 2261 1441 2292 10.
1457 2279 1499 2283 -——

829 2315 952 2348 operae
969 2315 1009 2345 e.,
1031 2307 1060 2346 1,
1079 2306 1132 2346 24,
1151 2307 1181 2338 6.
1200 2325 1242 2329 —-
1265 2309 1500 2349 respectum-—

827 2351 928 2389 absa,
945 2360 971 2382 S.
991 2352 1022 2392 4,
1044 2352 1095 2392 17,
1114 2353 1150 2391 53
1170 2351 1222 2391 21,
1243 2352 1296 2393 44,
1315 2354 1351 2384 δι
1375 2351 1441 2383 illis
1457 2370 1500 2375 —

827 2396 957 2428 timidis
975 2408 1044 2428 esse
1060 2396 1147 2438 lieet,
1165 2399 1223 2439 qui
1237 2400 1424 2440 respeelam
1439 2398 1500 2428 lut-

827 2442 910 2477 bant,
929 2442 998 2482 vgl.
1015 2442 1044 2482 2,
1064 2443 1116 2484 15,
1131 2444 1165 2475 7:
1184 2453 1238 2485 spe
1255 2444 1377 2477 ίιιθίειις
1397 2443 1426 2483 4,
1448 2443 1498 2483 lo,

827 2488 863 2518 4:
883 2488 1115 2532 abscisa—spe
1138 2499 1169 2520 u.
1187 2499 1216 2520 a.
1243 2507 1283 2510 -—
1309 2490 1498 2529 [ἰητρείη-

825 2534 926 2574 ferte,
946 2544 972 2565 s.
993 2535 1023 2574 5,
1042 2535 1097 2574 45,
1115 2534 1134 2566 3
1152 2545 1184 2565 u.
1203 2545 1232 2565 a.
1251 2552 1295 2556 —
1312 2534 1497 2576 incendent,

827 2579 898 2610 (lem
919 2578 1011 2619 Folg.
1031 2582 1222 2611 sarcientur
1243 2581 1496 2621 cntsprecheml,

826 2629 911 2656 stult
934 2624 992 2656 des
1015 2626 1087 2657 hds.
1115 2624 1302 2657 meeudauc.
1328 2644 1369 2647 —
1395 2628 1496 2667 circa,
