1763 2983
213 174 294 214 470
663 169 789 203 LIBER
814 169 860 201 Χ.
908 167 1000 201 CAP.
1028 168 1082 200 45.
1109 169 1162 201 46.

1466 174 1493 194 a.
1512 175 1544 194 u.
1561 166 1623 193 461.

212 288 320 320 num,
343 276 394 315 ita
416 279 459 314 ut.
481 285 600 326 parvo
618 273 832 313 admodum
849 273 979 324 plures
991 276 1233 324 caperentur.
1266 272 1516 312 sortientibus
1533 284 1626 324 pro—

212 333 357 373 vincias
380 331 606 371 consulibus
618 330 774 369 Etruria
785 330 948 369 Carvilio
960 329 1086 368 evenit
1102 329 1318 368 secundum
1337 334 1424 368 vota
1446 329 1625 371 militum.

144 400 183 433 12
213 391 278 443 qui
301 390 376 429 vim
398 389 550 441 frigoris
568 388 645 427 iam
663 387 703 426 in
719 387 880 426 Samnio
898 398 978 426 non
995 386 1250 438 patiebantur.
1291 386 1444 438 Papirio
1467 387 1513 426 ad
1532 387 1627 427 Sae-

211 448 348 500 pinum
370 447 494 486 maior
511 446 565 484 vis
587 444 759 484 hostium
776 443 927 484 restitit.
959 456 1074 495 saepe
1097 443 1135 481 in
1152 443 1243 489 acie,
1265 456 1380 495 saepe
1401 443 1442 482 in
1458 443 1625 494 agmine,

211 517 325 556 saepe
357 504 457 543 circa
484 503 611 554 ipsam
641 502 778 540 urbem
808 501 993 540 adversus
1022 500 1246 551 eruptiones
1276 501 1449 539 hostium
1473 512 1626 551 pugna-

211 567 308 601 tum.
341 573 413 600 nec
430 560 578 600 obsidio
599 560 667 598 sed
684 558 827 598 belluni
846 572 891 598 ex
913 570 1035 609 aequo
1055 561 1152 596 erat:
1177 568 1254 595 non
1275 557 1379 596 enim
1401 557 1524 596 muris
1543 570 1628 596 ma-

144 628 182 661 13
211 618 267 670 gis
290 632 330 658 se
354 617 549 657 Samnites
573 628 690 668 quam
712 616 829 655 armis
852 628 894 654 ac
915 615 1007 654 viris
1030 613 1184 654 moenia
1200 614 1438 654 tutabantur.
1470 614 1626 654 tandem

212 675 422 728 pugnando
444 675 485 714 in
513 673 756 713 obsidionem
786 673 928 713 iustam
959 672 1084 723 coegit
1104 671 1250 718 hostes,
1281 671 1570 723 obsidendoque
1594 672 1630 710 vi

143 743 183 775 14
213 738 332 785 atque
356 732 538 784 operibus
560 732 699 770 urbem
718 730 961 782 expugnavit.
994 730 1124 780 itaque
1142 727 1188 766 ab
1211 728 1266 768 ira
1288 729 1374 780 plus
1397 728 1523 767 caedis
1545 729 1630 768 edi-

212 796 299 830 tum
329 795 438 842 capta
468 789 586 828 in‘be:
619 801 671 827 vn
702 788 806 827 milia
828 800 915 826 cccc
944 786 1058 832 caesi,
1082 791 1191 837 capta
1212 785 1342 825 minus
1363 799 1407 824 111
1429 785 1535 825 milia
1556 786 1630 824 ho·-

213 847 381 895 minum.
414 846 567 898 praeda,
590 858 689 897 quae
710 845 877 897 plurima
897 844 971 883 fuit
993 842 1185 893 congestis
1198 842 1434 882 Samnitium
1457 843 1573 882 rebus
1591 843 1630 882 in

134 907 188 946 46
216 905 334 945 urbes
355 916 510 956 paucas.
532 902 644 942 militi
665 915 849 942 concessa
870 906 939 940 est.
978 900 1093 940 Nives
1115 900 1191 939 iam
1214 900 1346 939 omnia
1368 900 1632 951 oppleverant,

211 974 285 1002 nec
302 961 434 1001 durari
450 966 558 1000 extra
575 965 676 1000 tecta
692 964 864 1011 poterat:
887 959 1016 1009 itaque
1033 958 1168 996 consul
1185 957 1398 996 exercitum
1416 957 1463 996 de
1473 957 1632 997 Samnio

164 1027 184 1059 2
215 1019 386 1059 deduxit.
422 1018 770 1057 venientiRomam
787 1014 1211 1067 triumphusomnium
1229 1026 1427 1054 consensu
1449 1019 1508 1053 est
1525 1014 1630 1054 dela-

213 1081 290 1116 tus.
323 1075 577 1127 triumphavit
598 1074 638 1112 in
654 1074 885 1124 magistratu
906 1071 1060 1124 insigni,
1084 1077 1128 1110 ut
1148 1071 1303 1111 illorum
1320 1077 1544 1123 temporum
1565 1071 1636 1111 ha-

166 1140 184 1173 3
214 1134 320 1174 bitus
342 1139 434 1175 erat,
456 1131 669 1184 triumpho.
701 1131 853 1182 pedites
871 1129 1100 1181 equitesque
1122 1128 1293 1179 insignes
1316 1129 1429 1168 donis
1446 1129 1636 1168 transiere

213 1204 256 1231 ac
272 1190 481 1230 transvecti
498 1194 610 1237 sunt,
634 1189 778 1228 inultae
797 1187 936 1227 civicae
960 1199 1128 1227 coronae
1146 1186 1385 1238 vallaresque
1407 1199 1451 1226 ac
1467 1187 1635 1226 murales

212 1295 410 1338 gebrechen.
429 1313 472 1317 —
486 1304 593 1338 parva
610 1292 713 1335 adm„
734 1303 794 1333 gar
810 1303 879 1325 we-

213 1343 269 1384 nig
281 1342 392 1381 metu-3
412 1345 506 1372 sonst
518 1340 641 1371 konnnt
650 1349 752 1382 part-0
763 1338 795 1370 in
807 1338 880 1370 die-

214 1399 282 1421 sem
301 1387 403 1419 Sinne
420 1387 473 1419 bei
492 1385 651 1418 friiheren
670 1383 880 1416 Schriftstel-

212 1435 286 1466 lern
312 1433 402 1465 nicht
427 1443 500 1473 vor,
526 1431 609 1463 Pliu.
637 1430 674 1462 H.
700 1431 740 1463 N.
767 1431 799 1470 2,
826 1430 879 1472 67,

220 1480 297 1514 168:
313 1489 418 1522 part-o
437 1479 580 1510 brevius.
595 1476 766 1519 —plures
783 1487 812 1507 11.
829 1476 879 1507 als

213 1526 364 1568 geto'dtet
381 1534 506 1556 waren.
525 1542 567 1546 —
587 1524 653 1554 vim
669 1522 731 1564 fr„
756 1521 789 1553 in
817 1522 879 1554 (len

212 1570 522 1611 rauhenGebirgen,
533 1567 735 1600 namentlich
744 1566 879 1600 aufdem

215 1617 258 1650 M.
273 1616 414 1657 Matese,
439 1616 519 1647 tritt
536 1616 595 1646 der
613 1613 749 1646 VVinter
766 1612 881 1646 friiher

215 1664 332 1697 ein.-
344 1661 692 1706 patiebant.,konnteu
707 1664 880 1700 ertragen3

215 1710 329 1742 iudess
347 1708 453 1740 bleibt
471 1708 529 1739 das
548 1706 635 1738 Heer
653 1706 711 1737 des
722 1705 880 1749 Papirius

216 1756 303 1788 noch
320 1755 438 1795 liinger
456 1753 491 1785 in
510 1752 688 1793 Samnium,
707 1763 733 1783 c.
754 1752 807 1793 46,
829 1752 857 1783 1.

266 1801 404 1833 12—14.
448 1798 494 1830 ad
516 1798 616 1841 Saep.
641 1797 760 1840 kniipft
785 1808 825 1829 an
853 1808 881 1829 e.

215 1847 268 1888 44,
295 1847 314 1878 9
332 1856 384 1877 an.
409 1864 451 1868 -
474 1846 583 1876 ‘mm'or
599 1845 661 1884 vis,
686 1843 771 1876 doc-h
796 1843 882 1875 wird

217 1893 309 1924 nicht
346 1891 408 1922 wie
440 1901 505 1922 von
535 1889 709 1921 Carvilius
741 1890 885 1932 (tricipiti

213 1937 340 1982 proelio
373 1935 555 1979 gek‘zimpft.
588 1953 632 1958 -
666 1937 701 1967 in
732 1937 817 1974 acic,
850 1935 881 1965 in

218 1983 530 2023 Schlachtordnung
547 1981 697 2022 gestellt,
724 1982 754 2019 5,
774 1980 828 2021 41,
850 1981 881 2012 4.

218 2049 259 2052 —
289 2031 322 2060 1771
351 2029 500 2071 agmine,
530 2025 589 2058 auf
614 2027 687 2058 deul
715 2026 882 2064 Marsehe,

217 2075 277 2107 ehe
296 2074 345 2106 sie
364 2084 427 2105 vor
445 2073 498 2105 die
517 2072 614 2104 Stadt
639 2072 803 2112 kommen,
829 2072 882 2110 23,

218 2121 272 2159 27,
291 2121 328 2154 2:
348 2120 402 2161 40,
427 2119 480 2159 39,
500 2119 529 2158 Τ,
550 2118 618 2157 vgl.
639 2118 690 2157 29,
711 2118 764 2158 36,
783 2118 818 2148 4:
850 2118 882 2148 ιή

217 2168 284 2210 ipso
318 2163 669 2206 itinere—eonstzzm‘t.
695 2182 736 2186 ——
760 2163 881 2194 bellum

217 2223 245 2243 e.
274 2222 318 2253 a.,
347 2211 401 2242 ein
431 2209 656 2251 eigentlicher
685 2207 801 2249 Hrieg,
831 2219 882 2239 wo

220 2258 314 2289 beide
332 2256 448 2289 Theile
472 2255 602 2297 gleiche
621 2255 795 2287 Vorthesse
821 2254 882 2285 und

217 2302 416 2335 Nachtheile
433 2302 552 2341 haben,
576 2300 657 2332 weil
674 2300 726 2332 die
746 2301 883 2332 Manem

217 2350 279 2380 den
298 2348 445 2380 Feinden
470 2347 561 2379 nieht
586 2346 649 2377 wie
673 2346 884 2386 gexx'iihnlich

217 2394 340 2426 Schutz
358 2394 562 2435 gew’aeihrten,
591 2392 733 2424 sondern
753 2403 817 2423 von
836 2392 885 2422 ih-

220 2450 281 2472 nen
296 2440 473 2481 geschiitzt
486 2439 635 2478 wurdeu,
653 2438 719 2478 vgl.
734 2438 779 2469 im
791 2438 884 2477 Folg.

218 2489 319 2518 fasta.
338 2504 379 2508 —-
397 2496 441 2517 αι
457 2495 574 2527 aequo,
591 2483 782 2523 attributiv,
797 2494 823 2514 s.
834 2484 887 2523 27,

220 2532 253 2573 2,
271 2533 306 2562 3:
325 2531 415 2563 luctu
434 2550 475 2554 ——
494 2541 540 2563 em
562 2531 751 2573 praeterito,
776 2529 830 2568 23,
858 2531 887 2568 7,

224 2578 262 2611 10
283 2588 314 2608 u.
334 2587 376 2617 a.,
394 2577 462 2617 vgl.
482 2578 511 2617 7,
530 2577 584 2616 30,
610 2576 640 2607 2.
658 2594 699 2598 ——
719 2577 829 2607 muris
847 2594 887 2597 ψ

220 2633 338 2663 nmen„
363 2634 389 2655 c.
413 2623 462 2662 17,
482 2623 520 2661 73
552 2622 608 2662 22,
637 2623 692 2662 60,
717 2621 770 2662 23,
798 2620 889 2652 chia-

973 1291 1089 1332 sfisch,
1113 1291 1170 1322 das
1188 1290 1414 1332 Vorhergeh.:
1444 1302 1542 1335 saepe
1572 1296 1636 1323 etc.

972 1337 1256 1380 anaphorisch.—-
1270 1336 1370 1369 obsid.
1391 1339 1423 1369 vi
1438 1342 1515 1378 etc„
1535 1337 1639 1369 durch

972 1383 1528 1424 regehu{issigesselagerung‚dann
1537 1383 1638 1415 durch

973 1430 1096 1470 Sturm,
1110 1429 1169 1460 der
1183 1429 1287 1460 durch
1296 1428 1638 1471 Belagerungswerke

972 1475 1182 1507 vorbereitet
1209 1475 1274 1506 und
1304 1475 1512 1508 unterstiitzt
1540 1476 1637 1507 wird.

973 1540 1015 1545 —
1031 1532 1167 1565 paucas,
1184 1521 1264 1552 weil
1288 1521 1341 1552 die
1359 1521 1528 1553 Samniten
1552 1524 1640 1554 vica-

973 1569 1035 1599 tim
1052 1568 1221 1607 wohnten,
1241 1578 1267 1598 s.
1289 1578 1316 1598 e.
1341 1567 1391 1608 17,
1410 1567 1440 1598 2.

1020 1653 1089 1691 46.
1125 1658 1221 1692 1-3,
1255 1668 1427 1700 consensu,
1445 1669 1471 1690 s.
1491 1659 1522 1699 S,
1544 1660 1593 1702 13,
1609 1661 1639 1691 9.

973 1724 1015 1728 —-
1035 1705 1194 1747 tm'umplz.
1213 1723 1257 1727 —
1274 1703 1419 1744 delatus,
1437 1704 1489 1736 die
1506 1705 1640 1737 Andeu*

974 1756 1067 1791 tuug,
1086 1750 1162 1782 dass
1178 1750 1288 1793 Papir.
1309 1749 1392 1781 ohne
1406 1750 1522 1782 darum
1541 1751 1640 1783 nach-

975 1797 1140 1828 zusuehen
1183 1796 1245 1828 den
1287 1794 1446 1837 Triumph
1487 1797 1640 1829 erhalten

974 1843 1070 1882 habe,
1090 1852 1116 1873 s.
1136 1842 1167 1882 3,
1198 1842 1304 1882 21.›‚4;
1335 1842 1364 1879 2,
1393 1842 1447 1881 47,
1478 1844 1528 1883 10,
1558 1842 1642 1883 liegt

975 1888 1066 1919 nieht
1083 1887 1296 1927 nothwendig
1312 1886 1342 1917 in
1362 1886 1434 1918 «lem
1449 1886 1582 1920 W’orte.
1598 1907 1641 1911 —

974 1934 1182 1976 triumphata
1201 1952 1244 1955 —
1262 1933 1443 1975 triumpho,
1467 1932 1497 1973 2,
1521 1933 1573 1974 58,
1600 1935 1640 1973 53

976 1981 1030 2021 25,
1068 1980 1118 2019 18,
1156 1980 1209 2010 15:
1243 1978 1340 2010 donis
1372 1978 1514 2011 donatas
1545 1991 1575 2011 u.
1610 1990 1640 2011 a.

974 2022 1640 2067 NaehdenTriumphalfastencm.CJ)LX.

976 2071 1016 2103 a'e
1035 2070 1240 2103 Samnitibus
1257 2070 1306 2102 ld.
1332 2069 1432 2102 Febr.
1454 2090 1495 2093 —
1510 2072 1544 2102 sn
1568 2082 1640 2102 ma-

972 2118 1068 2159 gist„
1092 2117 1148 2157 ist,
1174 2116 1327 2156 obgleich
1351 2116 1477 2148 damals
1501 2116 1558 2148 das
1578 2116 1642 2149 Ge-

976 2162 1174 2203 wo'hnliche,
1200 2173 1226 2194 s.
1246 2162 1395 2195 Molnms.
1416 2161 1572 2194 Chi-ouol.
1589 2164 1642 2204 54,

975 2219 1040 2240 von
1059 2208 1096 2239 L.
1116 2219 1178 2240 nur
1196 2209 1304 2241 selten
1324 2208 1485 2250 hemerkt,
1500 2220 1526 2241 s.
1542 2210 1573 2250 8,
1589 2209 1643 2249 26,

978 2257 1007 2286 7.
1023 2273 1066 2277 —
1080 2254 1186 2295 donis,
1202 2265 1228 2286 c,
1240 2255 1293 2295 44,
1309 2254 1345 2293 33
1362 2254 1411 2285 sie
1426 2256 1559 2286 werden
1570 2265 1642 2286 zum

977 2300 1074 2333 Theil
1096 2300 1139 2331 im
1164 2300 1259 2341 Folg.
1291 2300 1454 2332 erwiihnt.
1472 2319 1512 2324 —
1532 2303 1644 2332 trans-

980 2348 1070 2387 vecti,
1099 2345 1152 2377 die
1177 2346 1296 2387 Ritter,
1325 2347 1353 2386 9,
1382 2347 1437 2384 46,
1469 2347 1520 2378 15.
1541 2363 1577 2368 —
1598 2347 1644 2378 ei—

980 2395 1080 2434 cieae,
1106 2393 1137 2431 6,
1162 2392 1214 2430 20,
1247 2393 1276 2424 7.
1300 2411 1342 2414 *—
1367 2391 1518 2431 vallares,
1548 2396 1645 2423 sonst

979 2441 1176 2476 castr-enses,
1206 2447 1232 2468 s.
1259 2436 1347 2469 Gell.
1376 2438 1406 2476 5,
1438 2436 1468 2477 6,
1501 2437 1556 2468 17:
1587 2447 1643 2468 ca-

979 2484 1124 2516 strensis
1142 2486 1189 2515 est
1202 2493 1331 2523 corona,
1349 2493 1413 2524 qua
1426 2482 1528 2514 donat
1542 2483 1645 2526 impe,-

980 2532 1076 2562 ναίον
1107 2539 1201 2568 cum,
1243 2531 1302 2572 qui
1334 2530 1467 2572 primus
1498 2529 1641 2560 hostium

980 2577 1096 2607 castra
1112 2575 1283 2614 introivi&
1299 2585 1339 2607 ea
1356 2584 1477 2606 corona
1508 2575 1645 2616 insigne

983 2621 1046 2653 val
1053 2620 1065 2652 l
1070 2622 1083 2652 i
1099 2620 1204 2652 habet.
