1763 2983
175 170 259 212 390
759 172 1013 206 PsssslocuAE.

178 283 226 315 sic
250 288 478 325 transgressus
503 289 554 317 est
574 284 703 317 saltum.
738 285 887 328 idemque
904 285 989 318 Fabi
1005 286 1144 319 Maximi
1161 287 1350 331 dictatoris,
1376 298 1446 320 cum
1464 288 1600 321 circum-

177 329 286 371 posita
314 334 439 369 ureret,
470 340 550 371 agro
577 331 733 373 pepercit,
759 335 796 363 ut
820 331 914 363 illum
939 336 1103 374 tamquam
1122 333 1326 376 proditorem
1342 338 1528 376 suspectum
1549 333 1604 367 fa-

178 379 277 407 ceret.
321 374 461 407 Aemilio
486 376 602 408 deinde
628 375 730 408 Paulo
756 381 789 409 et
813 376 970 410 Terentio
995 378 1146 411 Varrone
1180 379 1367 411 consulibus
1405 383 1439 412 et
1463 380 1599 412 ducibus

178 431 248 452 cum
266 420 410 452 maxima
430 421 524 453 clade
542 422 701 454 adversus
719 422 933 455 Hannibalem
950 423 992 454 ad
1009 423 1138 457 Cannas
1159 430 1335 467 pugnatum
1354 430 1415 466 est,
1440 435 1600 468 caesaque

177 476 215 498 eo
240 466 366 509 proelio
384 466 601 499 Romanorum
628 469 699 504 iffi
724 479 796 500 cum
816 467 920 500 Paulo
948 469 1081 502 consule
1105 475 1140 503 et
1164 471 1372 503 senatoribus
1389 470 1449 503 XC
1467 475 1500 503 et
1519 482 1599 503 con-

176 511 342 544 sularibus
376 516 434 544 aut
466 513 642 555 praetoriis
676 518 734 545 aut
758 514 920 546 aediliciis
944 515 1060 547 XXX.
1087 520 1160 558 post
1186 526 1267 558 quae
1293 527 1365 549 cum
1389 527 1408 548 a
1434 516 1597 549 nobilibus

176 557 443 590 adulescentibus
482 563 618 601 propter
660 559 922 602 desperationem
967 561 1138 593 consilium
1177 562 1215 594 de
1251 562 1465 604 relinquenda
1500 562 1600 595 Italia

175 603 329 644 iniretur⁷
347 603 381 636 P.
403 603 575 637 Cornelius
596 604 704 647 Scipio
722 606 873 638 tribunus
891 605 1042 647 militum,
1060 607 1114 649 qui
1130 606 1303 640 Africanus
1323 612 1439 650 postea
1458 613 1600 640 vocatus

176 653 238 688 est,
264 649 383 682 stricto
403 660 501 692 super
521 651 631 693 capita
652 651 902 683 deliberantium
920 650 1008 683 ferro
1028 652 1153 684 iuravit
1171 663 1205 685 se
1223 664 1282 695 pro
1298 654 1393 685 hoste
1410 653 1599 686 habiturum

176 704 258 736 eum,
284 695 339 736 qui
363 695 395 726 in
421 696 525 728 verba
549 707 608 728 sua
632 707 693 728 non
718 696 875 737 iurasset,
900 697 1093 740 effecitque,
1119 703 1154 730 ut
1173 709 1282 731 omnes
1301 710 1363 730 non
1384 699 1534 731 relictum
1556 699 1599 731 iri

175 750 195 771 a
217 750 252 772 se
275 739 407 772 Italiam
432 741 503 774 iure
527 742 665 774 iurando
682 743 978 784 adstringerentur.
1003 748 1138 786 propter
1153 744 1353 787 paucitatem
1374 744 1514 776 militum
1531 747 1599 782 Vffi

174 795 346 818 servorum
371 791 500 819 armata
524 792 610 820 sunt.
660 788 803 831 captivi,
830 799 901 821 eum
926 793 1073 831 potestas
1102 794 1189 822 esset
1212 789 1403 828 redimendi,
1440 790 1599 833 redempti

174 841 237 863 non
266 837 351 864 sunt.
388 837 561 875 praeterea
585 833 838 876 trepidationem
862 834 952 866 urbis
981 839 1014 867 et
1036 836 1159 867 luctum
1176 840 1209 868 et
1226 846 1277 868 res
1298 836 1330 867 in
1359 836 1513 879 Hispania
1532 846 1600 868 me-

174 876 257 910 liore
284 882 406 910 eventu
425 883 537 920 gestas
555 880 712 912 continet.
747 879 874 922 Opimia
895 884 927 912 et
947 879 1119 913 Florentia
1139 881 1292 914 Vestales
1312 882 1460 922 virgines
1481 881 1599 914 incesti

175 923 350 956 damnatae
375 928 460 957 sunt.
510 925 652 957 Varroni
686 925 815 957 obviam
841 925 922 957 itum
950 931 984 958 et
1008 927 1138 967 gratiae
1163 931 1276 969 actae,
1302 928 1383 970 quod
1410 928 1449 959 de
1475 937 1510 959 re
1535 938 1598 970 pu-

175 968 263 1000 blica
293 979 356 1001 non
382 970 600 1013 desperasset.

657 1071 728 1105 EX
761 1072 917 1105 LIBRO
954 1071 1108 1105 XXIII.

267 1126 423 1170 Campani
462 1128 503 1160 ad
542 1128 757 1161 Hannibalem
794 1129 993 1162 defecerunt.
1053 1129 1186 1161 nuntius
1218 1129 1397 1162 Cannensis
1433 1130 1597 1163 victoriae

174 1172 272 1214 Mago
298 1173 530 1215 Carthaginem
557 1174 676 1206 missus
702 1176 817 1207 anulos
847 1186 965 1207 aureos
992 1175 1183 1217 corporibus
1222 1175 1402 1207 occisorum
1428 1176 1597 1209 detractos

173 1218 207 1249 in
232 1218 399 1251 vestibulo
417 1219 529 1252 curiae
546 1220 679 1257 effudit.
719 1231 799 1262 quos
816 1221 997 1253 excessisse
1016 1221 1115 1252 modii
1132 1231 1316 1253 mensuram
1335 1221 1490 1254 traditur.
1523 1227 1598 1265 post

174 1274 267 1307 quem
292 1265 440 1297 nuntium
458 1265 582 1303 Hanno,
610 1266 664 1297 vir
686 1276 727 1298 ex
746 1266 863 1299 Poenis
889 1267 1064 1307 nobilibus,
1093 1267 1252 1299 suadebat
1267 1267 1398 1299 senatui
1415 1267 1599 1310 Carthagi-

174 1310 351 1351 niensium,
388 1315 424 1342 ut
460 1321 571 1354 pacem
604 1321 622 1343 a
655 1313 773 1355 populo
798 1312 942 1344 Romano
967 1317 1135 1355 peterent3
1173 1323 1230 1344 nee
1254 1313 1359 1345 tenuit
1385 1314 1595 1356 obstrepente

173 1356 312 1388 Barcina
340 1355 491 1389 factione.
525 1356 681 1389 Claudius
700 1358 877 1390 Marcellus
898 1363 1031 1401 praetor
1049 1359 1090 1390 ad
1106 1357 1224 1390 Nolam
1245 1359 1415 1401 eruptione
1436 1360 1596 1392 adversus

174 1401 389 1434 Hannibalem
414 1412 456 1434 ex
482 1403 599 1445 oppido
624 1402 714 1435 facta
740 1415 894 1447 prospere
919 1404 1088 1446 pugnavit.
1138 1404 1318 1436 Casilinum
1344 1415 1363 1437 a
1387 1404 1504 1437 Poenis
1534 1406 1594 1437 ob-

172 1457 296 1479 sessum
320 1447 370 1480 ita
394 1446 478 1480 fame
503 1453 660 1480 vexatum
685 1454 745 1486 est.
774 1454 810 1481 ut
835 1450 907 1482 lora
931 1455 965 1482 et
988 1450 1091 1492 pelles
1116 1450 1218 1482 scutis
1243 1451 1410 1483 detractas
1435 1455 1468 1483 et
1486 1461 1594 1484 mures

171 1493 292 1525 inclusi
318 1498 436 1526 essent.
472 1494 608 1527 nucibus
634 1505 693 1537 per
712 1495 907 1528 Vulturnum
932 1506 1057 1528 amnem
1083 1506 1100 1528 a
1119 1495 1273 1528 Romanis
1296 1496 1403 1529 missis
1429 1497 1596 1530 vixerunt.

171 1543 305 1571 senatus
339 1549 379 1571 ex
415 1541 559 1582 equestri
588 1541 701 1573 ordine
726 1541 910 1573 hominibus
937 1541 1087 1574 CXCVII
1112 1542 1280 1583 suppletus
1305 1547 1363 1574 est.
1413 1542 1448 1574 L.
1473 1542 1594 1574 Postu-

171 1584 254 1616 mius
278 1589 412 1627 praetor
437 1596 456 1617 a
475 1585 581 1619 Gallis
612 1597 683 1618 cum
708 1587 857 1619 exercitu
882 1598 997 1620 caesus
1023 1591 1081 1620 est.
1119 1587 1175 1618 Cn.
1195 1592 1228 1619 et
1246 1587 1279 1619 P.
1294 1587 1464 1630 Scipiones
1481 1588 1514 1619 in
1533 1588 1592 1619 Hi-

171 1630 286 1672 spania
314 1631 553 1663 Hasdrubalem
580 1632 732 1664 vicerunt
756 1637 789 1665 et
809 1633 995 1676 Hispaniam
1013 1643 1104 1665 suam
1124 1632 1282 1665 fecerunt.
1326 1634 1486 1675 reliquiae
1504 1633 1593 1665 Can-

171 1676 281 1708 nensis
307 1677 473 1709 exercitus
502 1677 535 1709 in
560 1677 704 1710 Siciliam
730 1678 899 1720 relegatae
924 1683 1009 1720 sunt,
1037 1689 1076 1710 ne
1103 1679 1294 1711 recederent
1318 1679 1392 1711 inde
1420 1679 1484 1711 nisi
1500 1679 1592 1711 finito

170 1721 269 1754 bello.
304 1721 513 1765 Sempronius
539 1723 709 1756 Gracchus
734 1725 849 1756 consul
867 1724 1047 1767 Campanos
1076 1724 1206 1756 cecidit.
1241 1724 1395 1757 Claudius
1413 1724 1590 1757 Marcellus

170 1772 304 1809 praetor
328 1768 520 1800 Hannibalis
555 1769 736 1801 exercitum
761 1771 802 1802 ad
826 1770 944 1802 Nolam
971 1770 1096 1813 proelio
1122 1769 1208 1802 fudit
1232 1775 1266 1802 et
1290 1770 1380 1813 vicit,
1406 1770 1591 1813 primusque

168 1817 221 1844 tot
258 1814 405 1846 cladibus
431 1813 526 1846 fessis
552 1815 706 1847 Romanis
731 1816 898 1848 meliorem
923 1827 1010 1858 spem
1038 1816 1118 1847 belli
1147 1816 1246 1848 dedit.
1295 1816 1382 1848 inter
1407 1816 1590 1859 Philippum

169 1858 382 1892 Macedoniae
408 1870 517 1901 regem
542 1865 576 1892 et
595 1861 808 1893 Hannibalem
836 1862 978 1894 societas
1003 1862 1114 1893 iuncta
1132 1866 1191 1893 est.
1231 1866 1404 1904 praeterea
1422 1862 1454 1893 in
1471 1862 1590 1904 Hispa-

169 1904 223 1936 nia
251 1903 395 1937 feliciter
421 1916 439 1937 a
460 1905 576 1938 Publio
602 1911 637 1939 et
655 1910 710 1939 Cn.
733 1908 943 1947 Scipionibus,
970 1911 1004 1940 in
1025 1909 1179 1939 Sardinia
1193 1921 1213 1940 a
1228 1907 1266 1939 T.
1285 1907 1408 1940 Manlio
1434 1912 1589 1950 praetore

169 1950 327 1982 adversus
344 1951 470 1983 Poenos
495 1962 547 1984 res
572 1957 684 1993 gestas
709 1953 866 1990 continet,
895 1964 913 1985 a
940 1953 1054 1995 quibus
1078 1952 1262 1985 Hasdrubal
1285 1953 1350 1984 dux
1376 1957 1409 1986 et
1434 1953 1530 1995 Mago
1555 1957 1590 1985 et

167 1995 281 2028 Hanno
307 1997 403 2038 capti.
441 1998 608 2030 exercitus
626 1998 819 2030 Hannibalis
844 2009 902 2041 per
924 1999 1062 2030 hiberna
1091 1998 1137 2030 ita
1163 1998 1351 2030 luxuriatus
1369 2003 1430 2040 est⁷
1455 2003 1491 2030 ut
1513 2009 1589 2030 cor-

167 2041 255 2083 poris
280 2042 443 2084 animique
470 2043 598 2075 viribus
623 2048 851 2076 enervaretur.
