1763 2983
86 180 103 198 a
131 171 264 200 011321.
591 171 716 204 LIBER
742 171 800 205 IX.
839 172 931 204 CAP.
959 172 988 204 7.
1420 172 1500 212 283

86 288 148 315 res
165 275 414 327 gemitusque
431 275 701 321 excitaturum,
720 274 994 326 Caudinaeque
1011 276 1114 327 pacis
1131 276 1326 328 aliquanto
1345 275 1502 316 Samni-

86 332 189 371 tibus
221 344 338 384 quam
369 331 555 371 Romanis
585 331 799 370 tristiorem
831 332 1062 371 memoriam
1092 334 1196 373 fore:
1229 333 1373 385 quippe
1405 345 1499 372 suos
1531 343 1550 374 5

26 438 27 448 ,
86 401 284 441 quemque
301 401 439 428 eorum
457 388 608 427 animos
625 388 864 435 habiturum,
881 387 1119 441 ubicumque
1137 389 1384 441 congressuri
1401 389 1500 439 51111,

85 445 205 485 saltus
228 445 423 485 Caudinos
445 457 526 485 non
549 444 696 497 ubique
719 445 960 484 Samnitibus
982 448 1078 484 fore.

197 502 277 541 Iam
294 503 440 541 Romae
458 502 573 542 etiam
595 514 664 541 sua
681 501 836 541 infamis
854 501 982 541 clades
1002 508 1095 541 erat.
1127 503 1310 542 obsessos
1329 503 1500 554 primum
1531 512 1551 543 6

85 559 308 605 audierunt;
336 559 485 598 tristior
505 558 647 598 deinde
668 558 951 610 ignominiosae
972 559 1077 610 pacis
1100 559 1221 610 magis
1254 572 1370 611 quam
1398 560 1504 611 peri-

85 615 159 656 culi
186 615 349 655 nuntius
377 616 459 655 fuit.
503 616 548 654 ad
576 615 721 654 famam
750 615 963 654 obsidionis
986 615 1148 655 dilectus
1176 615 1307 654 haberi
1337 623 1499 667 coeptus
1531 625 1548 656 7

84 678 184 719 erat3
214 672 396 712 dimissus
419 672 558 711 deinde
580 671 812 711 auxiliorum
835 678 1063 724 apparatus,
1094 677 1301 724 postquam
1335 673 1500 712 deditio-

83 742 176 769 nem
197 734 277 768 tam
293 729 406 768 foede
424 729 563 768 factam
583 735 835 781 acceperunt,
859 729 1134 781 extemploque
1152 729 1238 767 sine
1256 728 1331 768 ulla
1348 729 1502 780 publica

83 785 312 827 auctoritate
339 798 579 826 consensum
608 785 647 824 in
678 798 835 825 omnem
857 786 1025 826 formam
1056 786 1183 826 luctus
1206 792 1284 826 est:
1317 785 1501 825 tabernae

83 844 182 883 circa
212 843 342 882 forum
374 844 538 890 clausae,
571 843 844 895 iustitiumque
876 843 916 882 in
946 843 1032 882 foro
1064 856 1133 882 sua
1155 848 1298 895 sponte
1320 848 1503 894 coeptum

82 901 190 953 prius
208 912 325 951 quam
343 900 532 939 indictum
548 914 557 948 ς
573 899 640 939 lati
656 900 762 947 clavi,
781 900 884 939 anuli
902 900 1009 940 aurei
1026 900 1164 951 positi,
1180 911 1303 952 paene
1316 899 1503 939 maestior

85 957 256 997 exercitu
287 957 373 1009 ipso
405 957 536 996 civitas
567 969 668 1003 esse,
700 968 774 996 nec
794 956 957 996 ducibus
980 957 1107 997 solum
1131 962 1248 1009 atque
1279 956 1504 996 auctoribus

82 1013 421 1067 sponsoribusque
442 1014 547 1065 pacis
568 1013 693 1061 irasci,
718 1014 785 1053 sed
807 1014 988 1053 innoxios
1011 1014 1128 1054 etiam
1149 1013 1294 1053 milites
1317 1013 1445 1053 odisse
1467 1019 1506 1052 et

82 1083 223 1124 negare
246 1070 341 1109 urbe
357 1071 518 1110 tectisve
536 1070 793 1123 accipiendos.
826 1083 941 1122 quam
961 1071 1264 1111 concitationem
1281 1070 1500 1110 animorum

83 1127 196 1180 fregit
217 1127 407 1167 adventus
430 1127 622 1167 exercitus
646 1127 764 1166 etiam
782 1127 886 1166 iratis
905 1127 1151 1167 miserabilis.
1183 1139 1264 1166 non
1281 1128 1384 1166 enim
1400 1132 1502 1166 tam-

83 1197 200 1236 quam
222 1184 263 1223 in
284 1184 448 1235 patriam
469 1188 710 1224 revertentes
732 1197 779 1223 ex
799 1183 998 1236 insperato
1020 1184 1250 1232 incolumes,
1275 1184 1343 1223 sed
1367 1189 1502 1236 capto—

82 1253 169 1281 rum
193 1240 327 1280 habitu
348 1241 536 1293 vultuque
557 1240 719 1293 ingressi
740 1253 827 1280 sero
858 1241 898 1280 in
920 1241 1056 1281 urbem
1088 1242 1140 1281 ita
1162 1254 1203 1281 se
1225 1242 1265 1280 in
1287 1240 1368 1280 suis
1393 1241 1500 1292 quis-

83 1310 159 1350 que
188 1297 302 1337 tectis
333 1297 579 1345 abdiderunt,
611 1304 654 1337 ut
685 1302 844 1349 postero
875 1303 992 1350 atque
1023 1297 1324 1349 insequentibus
1362 1297 1500 1337 diebus

82 1366 198 1394 nemo
230 1365 366 1393 eorum
397 1355 529 1394 forum
561 1360 627 1394 aut
656 1354 857 1406 publicum
888 1355 1063 1407 aspicere
1093 1355 1217 1394 vellet.
1258 1355 1437 1394 consules
1460 1354 1499 1394 in

80 1410 232 1463 privato
263 1410 382 1450 abditi
412 1410 509 1450 nihil
539 1424 609 1462 pro
642 1411 869 1462 magistratu
891 1424 1014 1462 agere,
1045 1411 1121 1451 nisi
1145 1411 1247 1462 quod
1269 1423 1498 1463 expressum

81 1471 240 1507 senatus
271 1466 450 1508 consulto
483 1473 554 1514 est,
587 1473 631 1507 ut
652 1467 882 1508 dictatorem
904 1468 1079 1508 dicerent
1100 1468 1350 1508 comitiorum
1373 1480 1497 1508 causa.

80 1597 150 1636 aut,
169 1592 274 1637 praef.
286 1595 299 1627 1
311 1595 391 1626 1.—
409 1592 756 1634 Somnia—tristior„

82 1640 148 1682 vgl.
175 1639 228 1671 die
256 1638 385 1681 gleiche
410 1639 758 1679 Zusammenstellung

83 1686 113 1728 6,
136 1685 186 1726 10,
212 1685 248 1725 43
272 1695 312 1716 zu
331 1684 384 1726 22,
403 1685 435 1725 4,
454 1684 484 1716 6.
513 1702 558 1707 -
586 1695 755 1727 quemque,

830 1593 1120 1637 Purpurstreifen,
1138 1604 1203 1625 von
1223 1595 1284 1626 den
1303 1595 1500 1636 Senator-en,

829 1639 941 1681 Lange
960 1639 991 1681 2,
1014 1639 1069 1680 12,
1088 1639 1142 1671 bei
1161 1639 1257 1672 anuli
1277 1642 1377 1672 aurei
1398 1640 1499 1672 denkt

828 1684 865 1717 L.
895 1685 985 1717 wohl
1010 1696 1051 1717 an
1078 1685 1265 1717 Senatoren
1293 1686 1359 1717 und
1375 1685 1497 1724 Ritter,

83 1730 138 1763 die
155 1729 337 1763 Einzelnen
365 1728 424 1761 auf
438 1729 558 1762 beiden
576 1729 706 1770 Seiten,
728 1740 755 1762 s.

83 1777 115 1817 6,
137 1776 186 1815 15,
205 1776 242 1815 3;
268 1776 299 1815 4,
318 1776 373 1815 43,
395 1776 452 1813 113
477 1774 598 1807 Remer
615 1776 755 1808 wiirden

84 1820 215 1853 iiberall
247 1820 374 1861 muthig
404 1820 488 1860 sein,
517 1820 571 1852 (116
599 1819 755 1863 Feigheit

34 1863 36 1865 ’
83 1867 144 1899 der
163 1865 272 1898 Samn.
293 1865 382 1897 nicht
400 1864 529 1897 iiberall
555 1866 660 1898 durch
677 1877 755 1898 cau-

85 1911 238 1944 dinische
255 1911 357 1943 Piisse
384 1910 592 1943 unterstiitzt
609 1912 754 1954 werden,

83 1957 151 1998 vgl.
170 1956 200 1997 6,
220 1957 250 1997 7,
269 1956 307 1996 63
327 1956 380 1997 22,
398 1957 452 1997 59,
475 1957 524 1990 19.

129 2001 228 2034 6—9.
262 2012 334 2041 sua,
364 2001 445 2033 weil
475 2001 529 2034 bei
558 2002 685 2035 Romae
712 2013 753 2034 an

86 2047 226 2080 Romani
243 2047 385 2088 gedacht
402 2047 501 2087 wird,
526 2047 594 2089 vgl.
613 2058 655 2079 zu
673 2047 704 2089 8,
723 2048 754 2088 2,

89 2093 129 2125 10
147 2113 189 2116 —
206 2094 320 2135 magis
346 2094 391 2126 ist
415 2093 508 2124 nicht
532 2093 592 2125 11111
618 2095 753 2126 tristior

85 2150 126 2170 zu
164 2138 364 2179 verbindeu,
398 2139 542 2170 sondern
574 2138 656 2180 soll,
690 2150 752 2170 nur

87 2184 295 2224 schwiicher,
313 2183 362 2216 als
383 2194 418 2215 65
437 2184 540 2216 durch
558 2194 621 2216 non
639 2202 681 2207 —
697 2184 758 2216 sed

84 2230 260 2271 gesch'ahe,
274 2230 517 2271 ignominiosae
524 2231 619 2272 pacis
628 2230 692 2261 und
698 2241 755 2273 pe-

87 2274 186 2307 rieulz'
230 2274 535 2316 entgegenstellen:
586 2275 755 2315 trauriger

87 2320 150 2359 (als
167 2320 220 2352 die
239 2322 342 2360 61516)
361 2330 433 2352 war
447 2320 500 2351 die
515 2320 635 2352 zweite
644 2320 754 2353 Nach-

87 2365 186 2407 richt,
205 2365 256 2397 die
274 2366 366 2397 mehr
385 2365 488 2405 (nicht
505 2366 625 2406 sowol)
643 2384 686 2389 —
704 2366 754 2398 als

86 2411 241 2452 messete,
259 2410 326 2450 vgl.
341 2410 408 2442 Cic.
428 2411 466 2442 de
482 2423 511 2442 11.
531 2412 560 2443 d.
581 2412 612 2452 2,
629 2411 680 2452 13,
699 2412 752 2443 36.

87 2455 133 2487 ad
147 2456 245 2498 fam„
263 2456 329 2488 wie.
348 2468 374 2488 6.
394 2456 447 2497 22,
466 2457 503 2496 73
523 2456 577 2497 27,
600 2458 634 2490 11
656 2468 685 2488 u.
712 2467 754 2499 a.‚

87 2502 154 2541 vgl.
172 2512 213 2533 zu
236 2503 264 2542 1,
283 2502 313 2542 7,
334 2502 371 2542 73
389 2501 505 2542 24‚48,
521 2502 570 2534 13.
583 2521 624 2525 -
643 2503 755 2535 taber-

91 2557 165 2586 nae,
184 2547 212 2587 3,
231 2547 285 2587 27,
304 2547 332 2578 2.
351 2566 393 2570 —
410 2549 634 2589 1'1cstc'timn,7,
652 2548 704 2588 28,
723 2549 753 2580 3.

91 2611 130 2614 —
150 2590 212 2622 lata·
227 2591 278 2632 eL,
304 2592 354 2623 die
372 2592 497 2625 Tunica
526 2593 585 2625 mit
613 2593 755 2626 1116116111

828 1730 869 1762 da
888 1730 979 1764 diese
1005 1731 1120 1773 spiiter
1146 1731 1288 1772 goldene
1306 1731 1410 1772 Ringe
1434 1731 1498 1763 wie

823 1775 902 1817 jene
920 1780 1053 1818 trugen,
1078 1776 1146 1816 vgl.
1167 1787 1194 1809 c.
1213 1776 1267 1817 46,
1290 1776 1346 1816 123
1371 1776 1500 1809 Becker

828 1822 859 1862 2,
881 1824 909 1864 1,
925 1821 1002 1853 273.
1018 1841 1060 1844 —
1075 1822 1180 1863 tectis,
1199 1822 1252 1861 22,
1267 1822 1320 1863 52,
1335 1822 1369 1853 7:
1389 1823 1500 1854 tectis-

827 1877 889 1908 que
907 1886 950 1891 —
965 1869 1124 1910 acceptos,
1141 1867 1208 1908 vgl.
1228 1877 1269 1898 zu
1287 1867 1339 1909 26,
1359 1867 1412 1908 25,
1446 1867 1497 1907 12,

828 1924 858 1944 u.
879 1912 927 1945 oft
945 1913 998 1945 bei
1016 1913 1174 1955 accipere,
1190 1913 1355 1955 (πάρει-6.

876 1958 1016 1992 10-12.
1051 1969 1097 1990 eoe
1123 1959 1303 2000 insperato,
1334 1958 1362 1999 1,
1388 1958 1441 1999 25,
1468 1958 1498 1990 9.

826 2023 868 2027 -
887 2006 921 2036 in
941 2004 1068 2044 urbem,
1103 2003 1156 2035 die
1178 2002 1338 2035 Soldaten
1363 2003 1497 2036 werden

827 2050 928 2083 meist
961 2049 993 2081 in
1027 2049 1086 2081 der
1111 2048 1210 2081 stadt
1239 2047 1409 2081 wohnhaft
1442 2058 1499 2090 ge-

826 2095 935 2136 dacht,
966 2105 1111 2136 genauer
1134 2094 1282 2137 Appian:
1316 2094 1352 2126 οἳ
1374 2093 1442 2137 μὲν
1465 2094 1499 2130 ἐς

829 2138 910 2176 τοὺς
939 2136 1074 2183 ἀγροὺς
1109 2139 1304 2191 διέφευγον
1336 2136 1407 2172 ὑπὸ
1442 2139 1496 2171 αἰ-

830 2185 925 2226 δοῦς,
954 2185 990 2217 οἳ
1019 2184 1057 2219 δὲ
1087 2196 1212 2222 νυκτος
1240 2184 1274 2221 ἐς
1302 2180 1364 2226 τὴν
1389 2182 1499 2217 πόλιν

829 2228 998 2278 ἐσῄεσαν,
1023 2230 1144 2262 ebenso
1163 2230 1327 2262 Zonaras.
1347 2249 1388 2253 —-
1407 2232 1499 2262 tectis

829 2282 906 2318 etc.,
925 2276 991 2317 vgl.
1007 2275 1084 2309 Tac.
1103 2276 1142 2308 H.
1160 2276 1191 2314 4,
1219 2276 1272 2308 72.
1301 2293 1345 2299 -
1365 2277 1497 2319 privato

830 2322 892 2354 wie
910 2323 1045 2364 hostico,
1071 2323 1102 2361 6,
1128 2322 1181 2362 31,
1202 2322 1232 2353 7.
1251 2331 1368 2364 -pro
1392 2331 1497 2363 maga,

830 2368 861 2407 ὃ,
880 2368 933 2409 36,
956 2368 983 2399 1.
1001 2384 1043 2389 -
1062 2378 1130 2399 sen.
1148 2366 1306 2408 consulto,
1324 2367 1381 2399 das
1400 2371 1497 2398 unter

829 2413 901 2444 dem
930 2412 1071 2447 Vorsitz
1106 2413 1163 2444 des
1197 2411 1337 2444 P1·2¹itors
1371 2411 1497 2452 gefasst

830 2459 964 2491 werden
982 2458 1123 2499 konnte3
1144 2458 1226 2489 nach
1244 2458 1302 2489 der
1323 2457 1395 2489 hds.
1415 2456 1497 2488 Les-

830 2508 900 2536 art:
942 2506 1077 2536 senatus
1110 2503 1308 2542 consultum,
1349 2502 1496 2534 miissten

830 2550 883 2582 die
901 2549 1048 2582 Consuln
1067 2549 1176 2581 selbst
1190 2549 1251 2580 den
1266 2548 1367 2580 Senat
1385 2547 1498 2587 gebal-

829 2600 883 2627 1611
903 2594 1019 2636 haben,
1038 2604 1106 2626 was
1126 2594 1185 2626 mit
1204 2594 1276 2625 (16111
1292 2592 1318 2626 V
1323 2593 1496 2633 orhergeh.

1531 793 1550 826 S

1532 910 1551 940 9

1534 1085 1572 1117 10

1532 1254 1568 1286 11

1532 1356 1570 1388 12
