1763 2983
25 202 52 222 ο.
75 194 126 221 uh.
147 193 207 220 327.
224 193 283 221 326.
495 192 618 226 [ABER
645 191 725 226 Vlll.
751 192 844 225 CAP.
870 192 923 224 24.
950 194 1002 225 25.
1364 192 1447 232 ‘239

25 295 212 336 cerationi
240 296 329 342 fuit,
357 296 635 346 sepultumque
657 294 891 334 Consentiae
921 294 1026 346 quod
1057 295 1328 334 membrorum
1355 294 1448 333 reli-

25 364 148 405 quum
169 352 243 392 suit
264 365 355 392 cura
377 352 551 391 mulieris
574 352 712 397 unius,
742 363 912 403 ossaque
934 351 1205 403 Metapontum
1236 352 1282 392 ad
1312 352 1448 391 hostes

24 409 208 455 remissa,
236 409 326 449 inde
348 409 509 461 Epirum
533 408 692 448 devecta
713 408 759 447 ad
782 408 1028 460 Cleopatram
1059 422 1223 448 uxorem
1245 421 1445 449 sororem·
1476 414 1514 446 17

25 478 100 517 que
124 465 412 518 Olympiadem,
442 478 606 516 quarum
633 470 757 505 mater
778 465 907 516 magni
930 465 1136 505 Alexandri
1167 466 1306 512 altera,
1339 478 1451 505 soror

23 523 143 562 altera
164 523 249 562 fuit.
280 524 374 563 haec
395 523 441 562 de
458 522 664 562 Alexandri
686 522 888 574 Epirensis
909 522 1010 561 tristi
1030 528 1186 569 eventu,
1209 535 1448 575 quamquam
1480 532 1516 562 15

24 580 203 619 Romano
227 580 328 619 bello
351 582 507 620 fortuna
530 593 619 619 eum
642 579 850 625 abstinuit,
876 583 1026 626 tamen,
1051 580 1142 630 quia
1162 580 1204 619 in
1227 580 1331 620 Italia
1352 579 1452 619 bella

25 636 159 688 gessit,
183 637 317 688 paucis
340 637 484 676 dixisse
507 638 600 676 satis
623 637 683 675 sit.

136 693 284 733 Eodem
317 705 418 733 anno
450 693 735 733 lectisternium
766 693 927 738 Romae,
960 692 1098 743 quinto
1126 698 1218 744 post
1249 693 1448 732 conditam
1475 695 1529 733 ‘25

25 750 181 798 urbem,
214 750 337 790 isdem
370 750 513 802 quibus
544 755 635 791 ante
666 750 864 802 placandis
896 749 1073 789 habitum
1111 755 1170 789 est
1200 749 1296 788 deis.
1356 751 1447 789 novi
1480 759 1498 791 2

25 807 164 846 deinde
186 808 371 847 consules
390 808 500 847 iussu
518 807 650 860 populi
670 820 759 847 cum
778 807 988 851 misissent,
1012 807 1078 858 qui
1097 806 1316 846 indicerent
1334 806 1448 845 Sam-

28 863 176 904 nitibus
207 864 375 911 bellum,
423 865 494 916 ipsi
535 865 682 904 maiore
723 869 867 904 conatu
906 876 1023 916 quam
1065 864 1250 904 adversus
1283 863 1450 903 Graecos

25 926 163 961 cuncta
193 921 402 973 parabant3
439 927 476 960 et
498 922 568 961 alia
592 935 690 960 nova
713 921 811 960 nihil
834 926 918 960 tum
949 921 1079 959 animo
1112 921 1186 960 tale
1217 921 1451 972 agitantibus

25 984 277 1018 accesserunt
298 979 456 1019 auxilia:
479 979 624 1018 Lucani
642 984 758 1030 atque
775 978 900 1029 Apuli,
923 978 1066 1029 quihus
1084 978 1267 1029 gentihus
1286 978 1385 1017 nihil
1402 977 1449 1017 ad
1481 984 1499 1016 3

28 1048 114 1075 eam
135 1036 239 1075 diem
263 1049 353 1075 cum
375 1036 552 1076 Romano
576 1036 721 1088 populo
744 1038 884 1081 fuerat,
909 1035 946 1073 in
970 1034 1088 1074 fidem
1110 1040 1319 1081 venerunt,
1342 1047 1451 1074 arma

26 1093 208 1145 virosque
226 1093 271 1132 ad
289 1093 434 1132 belluni
452 1094 692 1145 pollicentes.
717 1093 874 1132 foedere
894 1105 984 1143 ergo
1002 1091 1042 1130 in
1061 1092 1273 1132 amicitiam
1290 1092 1450 1143 accepti.

26 1150 163 1189 eodem
187 1155 367 1201 tempore
388 1150 506 1189 etiam
528 1151 568 1189 in
593 1150 753 1189 Samnio
775 1162 838 1188 res
862 1161 1048 1200 prospere
1067 1154 1185 1201 gesta.
1219 1150 1291 1188 tria
1313 1149 1454 1201 oppida
1480 1153 1499 1184 4

26 1206 66 1245 in
89 1212 321 1258 potestatem
348 1213 559 1254 venerunt,
583 1202 717 1246 Allifae
741 1206 897 1246 Callifae
920 1206 1123 1252 Rufrium,
1156 1206 1332 1258 aliusque
1364 1218 1456 1257 ager

26 1263 153 1315 primo
184 1264 353 1304 adventu
385 1265 592 1305 consulum
626 1265 739 1315 longe
770 1264 924 1316 lateque
965 1268 1026 1302 est
1065 1269 1325 1314 pervastatus.
1377 1264 1452 1302 hoc
1481 1268 1499 1299 5

26 1320 128 1359 bello
160 1326 239 1360 tam
271 1334 460 1373 prospere
492 1322 702 1360 commisso
734 1321 843 1360 alteri
876 1333 1035 1372 quoquc
1068 1320 1183 1367 bello,
1216 1333 1293 1372 quo
1316 1319 1453 1360 Graeci

24 1377 315 1424 obsidebantur,
335 1378 409 1418 iam
428 1379 517 1417 linis
534 1379 678 1417 aderat.
708 1390 796 1416 nam
817 1383 1095 1429 praeterquam
1108 1378 1213 1429 quod
1230 1378 1452 1429 intersaep-

25 1499 66 1503 —
95 1479 257 1523 sepultum
288 1480 487 1516 verbrannt,
524 1481 590 1521 vgl.
618 1479 697 1512 lust.

24 1526 45 1558 l.
65 1525 104 1557 l.:
131 1535 253 1568 corpus
270 1528 341 1558 eius
365 1525 487 1558 Thurii
497 1526 629 1569 publice
647 1536 700 1558 re-

25 1571 192 1614 demptum
208 1571 404 1615 sepulturae
420 1571 646 1604 tradiderunt.
659 1591 699 1594 —

25 1618 134 1649 hostes
162 1617 256 1649 viell.
285 1617 356 1649 eine
384 1618 571 1659 Besatzung
595 1618 700 1650 Alex-

26 1662 164 1703 anders3
192 1664 274 1695 oder
302 1663 347 1695 ist
363 1664 507 1706 hospites
525 1675 562 1695 zu
584 1664 700 1696 lesen?

26 1726 69 1731 —
88 1707 264 1752 Metaponi.
289 1709 316 1749 1,
346 1709 395 1749 18,
422 1710 452 1740 2.
480 1729 520 1732 —
545 1708 699 1751 Epirum,

27 1764 53 1786 s.
76 1756 124 1793 10,
145 1755 198 1794 37,
223 1755 251 1786 1.

56 1836 246 1877 ’25-26·
281 1845 403 1887 Begiun
425 1846 482 1878 des
503 1844 624 1887 [iriegs
643 1845 701 1877 init

27 1890 89 1923 den
122 1890 308 1929 Samniten,
348 1891 512 1923 Biindniss
546 1891 604 1923 init
638 1892 699 1924 den

26 1935 212 1976 Lucanern,
238 1936 387 1979 Apulern
415 1938 477 1969 und
504 1937 701 1979 Neapolita.-

29 1992 122 2014 nern.
150 1982 248 2014 Dion.
272 1983 319 2022 15,
341 1983 371 2014 4.

74 2027 171 2059 1—2.
197 2030 323 2070 quinto,
343 2029 373 2069 7,
393 2029 423 2069 2,
443 2028 480 2067 23
512 2029 569 2060 das
589 2028 700 2060 vierte

28 2072 71 2105 ist
88 2073 179 2105 nicht
197 2073 359 2106 erwiihnt.
378 2092 421 2096 —
448 2075 579 2116 quibas,
597 2074 628 2113 5,
652 2074 700 2115 13,

27 2119 58 2151 6.
70 2138 111 2141 -
129 2121 252 2151 novi—
265 2130 366 2159 cons„
388 2120 463 2151 hier
480 2119 615 2161 beginut
634 2120 699 2151 wol

28 2164 544 2208 dassahr428,vg1.c.17,139,
558 2164 700 2205 22,1.-

31 2208 187 2252 Graecos,
215 2211 267 2243 die
285 2209 588 2253 Palapaeolitaner.
617 2230 652 2234 —
670 2214 701 2242 et

27 2255 105 2296 alia,
122 2256 187 2288 und
206 2257 290 2288 dazu
310 2257 355 2296 (in
375 2256 482 2298 Bezug
500 2256 560 2289 auf
573 2258 641 2300 ipse?
656 2267 699 2288 m.

27 2303 120 2340 com),
139 2312 190 2333 um
209 2306 314 2334 etwas
329 2301 439 2334 Neues
458 2301 700 2345 anzukniipfen,

29 2347 59 2388 5,
77 2346 130 2387 53,
149 2347 179 2379 3.
197 2365 240 2371 —
268 2347 504 2389 nihil—tale,
528 2349 586 2389 23,
611 2351 647 2388 9,
666 2348 702 2379 9:

31 2392 112 2423 ohne
131 2393 206 2425 dass
225 2393 275 2425 sie
294 2399 400 2426 etwas
419 2394 477 2425 der
495 2393 559 2426 Art
577 2394 702 2426 heti-ie-

30 2437 102 2478 hen,
121 2438 372 2471 verbandelten.
391 2458 432 2462 ——
463 2438 600 2480 Lucani,
629 2440 702 2472 eine

29 2482 479 2517 sabellischevfflkerschaft
493 2485 622 2517 siidlich
637 2496 701 2517 von

31 2526 206 2572 Samnium,
225 2530 308 2562 kurz
319 2530 443 2563 vorher
459 2531 518 2563 mit
537 2530 701 2563 denSam-

33 2574 122 2606 niten
146 2585 251 2616 gegen
278 2576 472 2609 Alexander
497 2577 702 2617 verbunden,

32 2629 57 2650 s.
77 2629 104 2650 c.
129 2620 177 2660 17,
196 2622 226 2659 9,
240 2621 326 2662 jetzt
344 2622 403 2653 mit
421 2622 534 2653 diesen
555 2622 618 2654 und
637 2622 699 2653 den

774 1479 1000 1512 Tarentinern
1022 1480 1212 1512 verfeindet
1232 1481 1295 1511 und
1314 1481 1451 1512 deshalb

774 1536 846 1557 zum
866 1525 1052 1557 Auschluss
1071 1526 1202 1557 anRom
1221 1526 1368 1567 geneigt,
1383 1527 1451 1567 vgl.

774 1582 800 1602 c.
822 1571 882 1611 27,
910 1572 958 1602 10.
989 1590 1030 1594 —
1065 1571 1187 1614 Apuli,
1215 1571 1258 1603 im
1286 1572 1451 1604 iistlicheu

774 1616 894 1648 Theilc
914 1617 974 1648 der
992 1616 1181 1657 Halbinsel,
1208 1617 1307 1649 meist
1326 1617 1450 1649 Feinde

773 1662 832 1694 der
843 1662 1026 1703 Samniten,
1040 1673 1067 1694 s.
1081 1674 1109 1694 c.
1124 1663 1185 1702 373
1204 1662 1302 1695 Nieb.
1327 1666 1354 1704 1,
1374 1663 1450 1695 479.

775 1727 816 1730 ——
835 1707 928 1749 ηίΙιίΙ,
951 1708 983 1739 in
1002 1708 1132 1741 keinem
1151 1708 1387 1741 Vei-haltnisse
1408 1727 1451 1732 —

774 1754 955 1794 gestanden
982 1755 1109 1787 hatten,
1135 1773 1177 1777 —
1204 1765 1321 1795 arma,
1352 1754 1452 1787 iiber-

774 1800 877 1842 haupt
894 1800 980 1832 alles
1001 1810 1074 1831 zum
1090 1798 1216 1841 Kriege
1234 1799 1388 1842 Niithige.
1408 1819 1451 1823 —-

765 1845 863 1887 soesl.
883 1847 915 1877 ln
934 1848 1032 1877 amic.
1053 1856 1084 1877 a.
1104 1856 1130 1877 s.
1151 1846 1180 1885 6,
1201 1846 1230 1888 2,
1250 1845 1289 1885 33
1310 1845 1341 1886 8,
1361 1846 1392 1887 2,
1411 1846 1450 1884 2;

775 1901 809 1922 es
838 1891 881 1922 ist
899 1891 963 1922 wol
993 1892 1046 1924 eiu
1072 1901 1217 1933 aequum.
1235 1890 1381 1933 foedus,
1410 1892 1449 1923 da

775 1937 835 1968 den
877 1935 1018 1968 Ro‘niern
1057 1937 1151 1969 Alles
1193 1938 1296 1969 daran
1339 1937 1449 1978 liegen

774 1987 901 2014 musste
944 1982 986 2014 im
1020 1982 1154 2015 Riicken
1189 1983 1249 2014 der
1281 1982 1451 2016 Samniter

776 2027 1073 2069 Bundesgenossen
1092 2039 1133 2060 zu
1150 2028 1268 2060 haben.

820 2074 918 2105 4—8.
944 2075 977 2105 iu
993 2077 1117 2117 potest.
1138 2084 1218 2114 ven„
1243 2084 1269 2105 S.
1289 2086 1316 2106 c.
1346 2074 1399 2113 20,
1418 2074 1450 2114 6,

775 2119 972 2151 bezeichnet
990 2121 1051 2152 den
1072 2119 1270 2161 Uebergang
1293 2130 1353 2152 aus
1377 2121 1450 2153 dem

775 2164 1022 2206 Verhiiltnisse,
1051 2166 1082 2197 in
1100 2166 1260 2197 welchem
1284 2165 1336 2197 ein
1355 2167 1452 2199 Staat

774 2211 807 2241 in
826 2221 889 2242 scm
903 2213 1073 2254 potestate
1097 2211 1368 2252 (selbststandig)
1393 2212 1450 2253 ist,

775 2255 806 2287 in
827 2257 901 2296 den,
928 2256 961 2288 in
982 2258 1141 2289 welchem
1159 2267 1196 2288 er
1213 2256 1342 2289 alienae
1356 2260 1451 2300 pote-

775 2303 873 2333 statis
891 2302 993 2343 wird,
1012 2313 1037 2334 s.
1060 2303 1098 2342 7,
1117 2302 1157 2335 31
1170 2327 1179 2344 ,
1197 2304 1227 2335 (3.
1248 2322 1290 2325 —
1319 2302 1452 2345 Allifae

776 2351 851 2388 etc.,
869 2347 923 2380 die
943 2348 960 2379 3
980 2348 1096 2380 stadte
1115 2347 1227 2389 liegen
1245 2348 1289 2380 im
1308 2348 1451 2381 Vultur-

775 2393 940 2433 nusthale,
960 2393 1090 2435 Allifae
1109 2394 1148 2434 (s.
1167 2404 1208 2425 zu
1225 2404 1252 2425 c.
1278 2394 1328 2435 19,
1348 2394 1398 2433 12)
1417 2393 1449 2424 in

774 2440 833 2471 der
851 2437 962 2479 Mitte,
985 2439 1126 2481 Callifae
1145 2439 1345 2477 siidiistlich,
1363 2438 1450 2471 viel-

774 2484 875 2516 leicht
893 2485 951 2516 das
964 2484 1093 2526 jetzige
1112 2484 1259 2525 Calvisi,
1283 2484 1448 2526 Rufrium

775 2530 842 2562 wol
866 2530 1110 2562 nordwestlich
1133 2531 1253 2562 davon.
1286 2547 1329 2553 —
1363 2539 1450 2561 oom—

774 2577 894 2616 mz'sso,
919 2575 1112 2615 begonnen;
1136 2585 1163 2607 s.
1181 2574 1235 2615 31,
1255 2575 1312 2616 28,
1333 2576 1368 2614 1;
1399 2575 1450 2615 10,

780 2623 837 2662 11,
865 2622 893 2652 2.
928 2639 968 2642 -
1001 2621 1241 2662 intersaeptis,
1268 2632 1294 2650 e.
1317 2618 1375 2659 23,
1398 2619 1449 2660 10,
