1763 2983
133 192 162 211 a.
182 182 230 209 Ch.
250 183 309 208 217.
618 181 743 214 31353
763 181 872 214 xxn.
899 181 990 214 CAP.
1012 183 1062 215 19.
1471 177 1552 221 195

136 287 386 338 opprimeret,
409 285 565 325 sublatis
585 285 737 324 ancoris
765 285 811 323 ad
836 285 988 323 hostem
1010 284 1122 323 vadit.
1153 283 1291 323 multas
1314 288 1350 321 et
1362 283 1455 321 locis
1467 282 1550 322 altis

135 344 279 394 positas
298 343 415 382 turris
437 342 618 392 Hispania
640 341 763 387 habet,
786 342 927 392 quibus
953 346 990 379 et
1012 341 1177 391 speculis
1201 347 1237 379 et
1247 339 1550 390 propugnaculis

135 399 322 439 adversus
343 400 510 438 latrones
533 404 706 436 utuntur.
747 398 837 436 inde
856 398 982 448 primo
1007 397 1224 447 conspectis
1246 397 1416 435 hostium
1439 396 1549 434 navi·
1569 406 1588 436 7

136 457 210 495 bus
236 457 366 495 datum
388 456 541 505 signum
562 454 791 493 Hasdrubali
813 462 879 501 est,
906 455 1174 503 tumultusque
1194 453 1303 503 prius
1326 454 1365 491 in
1391 458 1491 491 terra
1515 458 1552 491 et

139 513 270 551 castris
303 524 418 563 quam
448 511 494 550 ad
526 524 630 549 mare
661 518 697 549 et
724 512 769 549 ad
794 523 909 549 naves
932 516 989 549 est
1012 516 1131 555 ortus,
1152 510 1329 548 nondum
1350 515 1414 548 aut
1435 510 1551 560 pulsu

137 581 337 608 remorum
359 568 598 619 strepituque
620 568 691 606 alio
716 568 867 605 nautico
891 567 1067 605 exaudito
1085 572 1151 604 aut
1170 566 1432 616 aperientibus
1454 566 1550 604 clas-

138 638 219 663 sem
242 625 536 676 promunturiis,
560 637 647 662 cum
670 631 828 674 repente
851 636 969 674 eques
990 623 1084 661 alius
1115 635 1232 673 super
1255 623 1372 660 alium
1392 623 1437 660 ab
1451 623 1550 661 Has-
1571 631 1590 663 8

136 682 295 720 drubale
328 682 468 720 missus
500 694 616 731 vagos
636 681 675 719 in
695 681 805 719 litore
829 681 1057 731 quietosque
1077 679 1117 717 in
1143 679 1315 717 tentoriis
1337 679 1428 725 suis,
1459 679 1554 717 nihil

136 739 265 776 minus
299 750 415 788 quam
446 739 595 776 hostem
628 745 693 775 aut
711 738 904 787 proelium
928 749 973 774 eo
996 737 1055 774 die
1081 736 1326 786 expectantis,
1360 748 1550 774 conscen-

137 795 228 833 dere
249 808 365 833 naves
387 807 553 845 propere
577 800 690 844 atque
712 807 818 832 arma
840 806 974 843 capere
994 793 1119 831 iubet:
1153 793 1313 830 classem
1336 793 1552 830 Romanam

136 853 212 890 iam
241 852 342 890 haud
372 851 509 901 procul
529 856 644 901 portu
665 863 760 889 esse.
808 851 901 888 haec
923 850 1070 900 equites
1093 849 1240 887 dimissi
1261 849 1404 899 passim
1425 849 1550 899 impe·
1571 856 1590 888 9

136 908 282 947 rabant.
334 920 425 945 mox
447 907 665 946 Hasdrubal
693 908 774 958 ipse
808 919 896 945 cum
920 907 1025 944 omni
1050 906 1219 944 exercitu
1241 905 1382 952 aderat,
1423 906 1552 943 vario-

137 977 213 1015 que
237 964 364 1003 omnia
392 965 557 1002 tumultu
582 970 758 1014 strepunt
777 963 981 1002 ruentibus
1001 963 1038 1000 in
1064 975 1180 1001 naves
1204 962 1319 1000 simul
1341 962 1552 1012 remigibus

138 1021 398 1071 militibusque
424 1021 653 1071 fugientium
677 1021 795 1071 magis
819 1033 838 1058 e
861 1026 959 1058 terra
980 1031 1096 1069 quam
1119 1020 1159 1057 in
1184 1030 1351 1069 pugnam
1377 1019 1554 1057 euntium

139 1078 269 1116 modo.
313 1078 471 1115 vixdum
505 1089 640 1115 omnes
670 1077 988 1122 consceiulerant,
1021 1088 1109 1113 cum
1132 1075 1192 1113 alii
1213 1075 1391 1113 resolutis
1413 1075 1491 1113 oris
1514 1075 1555 1113 in
1576 1082 1616 1114 10

136 1147 299 1172 ancoras
324 1135 441 1172 evecti
454 1140 644 1179 tenentur,
667 1134 738 1180 alii,
760 1146 808 1171 ne
821 1133 913 1183 quid
926 1138 1063 1178 teneat,
1084 1132 1472 1178 ancoraliaincidunt,
1494 1144 1555 1170 ra-

139 1247 200 1277 dcn
238 1245 325 1285 zeigt
354 1246 416 1284 ((116
446 1244 567 1283 Flotte,
594 1246 753 1285 geriistet,
780 1245 812 1275 in

138 1291 455 1331 Srhlachtordnung)
488 1295 638 1331 errcgter
668 1290 811 1323 Schrek-

139 1337 212 1375 ken,
235 1348 259 1368 s.
279 1347 304 1367 c.
329 1339 377 1373 12,
404 1339 452 1369 10.
470 1355 508 1358 —
525 1340 633 1377 effuso,
653 1347 716 1373 um,
735 1339 811 1367 uni-

138 1394 226 1415 verso
252 1383 499 1424 entsprechend,
527 1382 578 1413 die
605 1381 725 1413 Griisse
752 1381 812 1419 (ei-

139 1428 285 1469 gentlich
310 1427 439 1468 Menge)
457 1438 497 1458 zu
513 1427 721 1467 bezeichnen,
750 1426 812 1458 wie

140 1478 170 1513 ὃ,
190 1476 220 1511 6,
244 1475 279 1506 3;
299 1476 439 1512 procella
462 1476 573 1514 effusa,
593 1473 683 1503 nicht
700 1475 811 1514 offuso,

138 1518 282 1550 welches
319 1519 377 1549 mit
414 1518 562 1559 uenigen
591 1518 812 1558 Ausnahmen,

137 1574 164 1597 s.
185 1566 237 1603 33,
265 1567 295 1603 7,
317 1565 347 1603 8,
369 1564 463 1595 61363
481 1564 590 1603 Dativ,
620 1564 686 1604 vgl.
712 1566 760 1603 10,
782 1566 812 1604 5,

139 1612 169 1648 7,
202 1610 269 1649 hat,
296 1610 360 1641 und
378 1610 469 1641 mehr
490 1609 540 1641 die
562 1609 615 1641 bei
634 1611 695 1641 den
712 1609 813 1641 Fein-

138 1655 199 1686 den
224 1634 354 1695 e1·i·egte
381 1654 535 1686 Geistesx
540 1666 657 1687 erun-1
661 1666 725 1696 ιιι]ΕΓ
753 1666 814 1686 33-

138 1701 261 1732 deutet.
287 1719 330 1722 —
355 1707 470 1740 tu›r,es
496 1703 549 1740 21,
576 1702 629 1741 49,
660 1702 717 1741 103
743 1700 813 1732 Pol.

140 1757 166 1777 c
182 1748 224 1779 96
245 1750 407 1785 sagtnur:
428 1756 593 1791 σημηιαι
597 1758 667 1779 των
692 1743 815 1784 αιτοῖς

138 1793 212 1824 τῶι
238 1801 387 1824 σκοπωι
415 1792 451 1825 ἔκ
474 1793 619 1825 nomo&
644 1791 709 1824 τὸτ
733 1792 814 1825 ἐπί-

138 1839 276 1877 πλουνς
295 1838 378 1869 auch
395 1837 447 1869 (116
465 1837 738 1878 Ueberraschung
755 1839 814 1869 hat

145 1882 179 1914 L.
206 1883 397 1923 ausgemalt.

185 1930 282 1961 7-8.
323 1932 459 1971 siquam,
489 1931 542 1968 21,
574 1930 628 1969 48,
657 1930 684 1961 3.
711 1947 754 1951 —
779 1931 814 1960 in

136 1981 234 2013 terra,
265 1976 316 2015 37,
344 1976 397 2014 29,
427 1977 455 2008 5.
480 1992 526 1997 —-
552 1977 595 2006 ad
619 1986 706 2006 mare
730 1986 754 2006 e.
784 1987 813 2006 a.

138 2030 183 2058 n„
209 2019 306 2050 meist
331 2019 414 2051 fehlt
439 2021 495 2052 das
522 2020 640 2052 zweite
661 2023 712 2060 ad,
738 2020 814 2052 weil

141 2063 236 2095 eine
268 2063 486 2096 Oertlichkeit
511 2065 704 2097 bezeichnet
726 2076 814 2098 wer-

141 2118 198 2140 sen
226 2109 306 2145 soll;
332 2109 404 2141 hier
429 2110 513 2141 wird
539 2111 640 2142 durch
659 2111 815 2143 wieder-

142 2154 265 2195 holuug
284 2155 342 2185 der
362 2154 494 2197 Priipos.
515 2155 581 2186 wol
604 2157 812 2198 angedeutet,

143 2199 217 2230 dass
251 2199 302 2231 (116
324 2199 475 2232 Seeleute
500 2211 563 2232 von
588 2201 648 2232 den
673 2202 815 2234 Schiffen

140 2243 310 2284 entfernt,
343 2248 386 2277 ad
418 2258 504 2278 mare
537 2246 607 2277 sich
631 2246 813 2289 aufhalten,

140 2291 300 2322 wiihrend
332 2294 365 2322 in
395 2298 482 2323 terra
508 2298 535 2323 et
560 2299 631 2324 cast.
659 2292 709 2323 als
734 2294 815 2325 hen-

138 2336 297 2378 diadyoin
336 2337 523 2368 betrachtet
556 2338 689 2369 werden
716 2338 816 2371 kann.

140 2399 183 2403 ——
202 2384 342 2414 nondum
361 2390 417 2415 aut
439 2401 477 2405 —
496 2389 562 2423 aut,
581 2393 607 2414 s.
625 2393 650 2415 c.
671 2385 701 2422 2,
728 2386 765 2424 63
789 2395 816 2416 c.

140 2427 195 2466 20,
214 2429 253 2467 23
275 2439 335 2469 que
350 2427 422 2469 fiigt
439 2429 523 2460 nach
539 2431 681 2460 nondum
698 2447 741 2452 -—
760 2437 819 2462 aut

139 2471 215 2504 eine
227 2471 457 2515 Erweiterung
475 2484 527 2513 an,
550 2474 614 2506 wie
628 2478 719 2506 sonst
733 2476 817 2507 nach

142 2515 359 2560 Negationen,
378 2521 427 2559 10,
447 2523 498 2559 10,
513 2522 553 2560 9,
572 2522 602 2560 7,
619 2522 671 2559 34,
690 2522 814 2562 12340,

141 2563 195 2601 34,
215 2564 246 2603 8,
264 2563 329 2605 vgl.
351 2567 400 2605 10,
421 2567 451 2605 9,
472 2567 500 2598 5.
529 2582 572 2588 ——
592 2568 814 2607 aperientibus,

141 2617 167 2638 s.
185 2618 211 2639 c.
231 2609 261 2649 6,
288 2610 318 2651 9,
350 2611 463 2642 wiirde
484 2611 575 2643 nicht
595 2610 654 2643 auf
670 2612 728 2643 das
748 2610 816 2643 Ob-

877 1244 948 1285 ject
975 1244 1119 1284 bezogen
1142 1244 1274 1275 worden
1301 1243 1381 1284 sein,
1409 1253 1504 1275 wenn
1522 1254 1556 1275 es

882 1290 973 1321 nicht
987 1290 1096 1330 negirt
1115 1290 1217 1329 ware,
1236 1300 1260 1320 s.
1283 1291 1377 1327 213,
1400 1293 1435 1329 53
1457 1289 1558 1322 allein

881 1338 1021 1367 nondum
1041 1337 1252 1375 aperientibus
1272 1336 1315 1365 ist
1337 1350 1381 1360 =
1400 1338 1560 1367 etiamtum

881 1383 1115 1413 occultantibus.
1181 1380 1296 1411 Etwas
1343 1381 1560 1412 verschieden

882 1427 953 1458 sind
965 1427 1091 1458 Stellen
1110 1426 1173 1458 wie
1191 1427 1243 1466 33,
1266 1429 1295 1466 7,
1312 1428 1350 1459 9:
1376 1429 1451 1468 iuya
1466 1438 1558 1458 mon-

882 1476 961 1505 tiam
987 1475 1141 1504 dstexerae
1165 1474 1294 1513 nebula,
1329 1482 1381 1503 wo
1408 1473 1465 1504 der
1491 1471 1560 1504 Ne-

882 1518 935 1549 bel
964 1517 1170 1558 aussteigend
1198 1518 1338 1558 gcdacht
1367 1518 1461 1555 wird,
1488 1518 1558 1559 vgl.

884 1566 928 1603 2,
970 1566 1026 1603 19,
1063 1566 1099 1596 6:
1133 1566 1287 1605 qrave'or,·
1319 1565 1380 1603 26,
1411 1566 1469 1603 17,
1509 1566 1558 1597 14.

882 1609 1044 1640 Achnlich
1072 1609 1115 1640 ist
1145 1610 1205 1649 22,
1245 1611 1307 1647 61,
1345 1610 1382 1641 2;
1408 1611 1561 1649 pecuniae

883 1666 1020 1691 summa,
1062 1666 1124 1695 qua
1155 1666 1211 1686 neo
1236 1658 1396 1686 aerarium
1430 1673 1471 1678 —-
1505 1667 1560 1686 cx-

882 1703 1013 1732 haurire
1037 1702 1187 1739 volebant,
1217 1700 1245 1731 d.
1272 1701 1302 1731 h.
1332 1700 1434 1732 durch
1460 1701 1558 1732 deren

883 1745 1106 1786 Auszahlung.
1137 1764 1179 1768 -—-
1204 1748 1400 1787 quietosque,
1437 1748 1467 1787 3,
1506 1748 1560 1786 55,

886 1794 944 1831 133
977 1794 1007 1832 9,
1043 1793 1095 1831 27,
1137 1794 1186 1825 14.
1212 1810 1255 1815 -
1283 1795 1367 1824 oziln‘l
1388 1804 1440 1832 on„
1471 1793 1500 1832 3,
1529 1793 1560 1832 3,

884 1840 921 1876 23
952 1839 1004 1875 26,
1038 1838 1090 1873 20,
1120 1838 1148 1870 3.
1173 1855 1216 1859 —
1248 1840 1348 1877 class„
1376 1847 1401 1868 c.
1430 1839 1461 1876 4,
1489 1839 1518 1870 2.

931 1885 1053 1917 9—10.
1077 1894 1149 1914 mox
1166 1901 1209 1905 —
1228 1885 1325 1923 ader„
1344 1883 1408 1914 wie
1422 1885 1476 1923 36,
1509 1885 1560 1923 12,

885 1932 914 1965 5,
942 1929 1016 1960 dass
1036 1928 1071 1960 H.
1091 1939 1149 1960 aus
1169 1929 1226 1960 der
1242 1928 1348 1960 Ferae
1370 1929 1560 1969 gekommen

884 1974 943 2013 sei,
972 1975 1056 2015 liegt
1081 1974 1172 2005 nicht
1197 1974 1301 2015 darin,
1331 1985 1356 2005 s.
1376 1976 1429 2014 21,
1457 1975 1510 2015 28,
1531 1976 1561 2014 3,

885 2020 952 2061 vgl.
973 2019 1041 2051 Pol.
1068 2030 1093 2051 c.
1121 2022 1175 2060 96,
1201 2022 1227 2053 1.
1244 2038 1289 2042 —
1306 2023 1561 2060 conscenderant,

886 2068 949 2106 21,
978 2068 1040 2105 49,
1073 2067 1102 2098 8.
1129 2083 1170 2088 --
1197 2077 1212 2097 e
1240 2073 1335 2106 terra,
1362 2076 1387 2097 s.
1414 2068 1475 2105 37,
1509 2068 1559 2106 11,

885 2114 920 2144 9:
955 2119 982 2144 et
1015 2114 1099 2144 velut
1115 2114 1205 2154 fuya
1230 2115 1264 2143 in
1291 2123 1384 2143 naves
1403 2114 1492 2152 fieri.
1519 2129 1564 2135 —-

885 2161 958 2195 oris,
992 2156 1201 2189 Schiffstaue.
1251 2156 1404 2199 „Duplici
1430 2157 1561 2189 vinculo

885 2203 1083 2234 tenebantur
1116 2213 1237 2242 naves,
1276 2205 1486 2243 ancoralibus,
1521 2203 1563 2234 ad

885 2259 1025 2280 ancoras
1050 2248 1192 2289 alligata
1217 2259 1325 2290 prora,
1357 2248 1455 2291 puppi
1481 2258 1562 2280 vero

884 2297 958 2333 oris,
988 2294 1008 2325 i.
1034 2304 1060 2325 e.
1076 2294 1279 2334 rudentibus,
1306 2295 1346 2325 ad
1365 2293 1560 2333 retinacula,

885 2350 966 2382 quae
1011 2344 1107 2371 erant
1148 2340 1180 2371 in
1220 2344 1317 2381 portu
1354 2349 1412 2370 seu
1452 2338 1563 2370 litore.

885 2385 1079 2417 statuebant
1088 2385 1172 2417 enim
1186 2384 1375 2426 plerumque
1385 2384 1434 2415 ita
1448 2394 1562 2425 naves,

884 2435 922 2462 ut
950 2431 1049 2473 puppi
1073 2430 1105 2462 in
1135 2430 1214 2461 litus
1230 2440 1325 2461 versa
1339 2440 1438 2472 prora
1459 2429 1564 2461 altum

884 2480 1061 2518 spectaret.
1095 2475 1249 2507 resolutis
1274 2475 1377 2516 igitur
1401 2475 1468 2507 oris
1486 2485 1564 2507 nec-

886 2522 959 2553 dum
994 2520 1115 2553 levatis
1154 2520 1284 2552 ancoris
1314 2531 1415 2553 naves
1441 2521 1474 2552 in
1503 2531 1564 2552 an-

886 2577 980 2598 coras
1014 2566 1109 2598 evehi
1142 2575 1274 2598 necesse
1306 2567 1404 2598 erat“
1438 2566 1563 2599 Stroth.

887 2631 929 2636 ——
952 2615 1048 2645 evecto·
1083 2618 1164 2654 ten.⁷
1193 2611 1245 2644 die
1271 2611 1341 2644 Hss.
1366 2612 1474 2645 haben
1498 2624 1565 2646 evc-

1256 2665 1322 2701 13*
