1763 2983
65 192 88 210 a.
108 182 158 209 ch.
179 181 238 209 343.

510 180 634 213 LIBER
660 179 730 213 VII.
771 179 863 213 CAP.
893 180 945 213 33.
964 181 1017 213 34.
1398 181 1470 221 161

64 283 251 336 quamdiu
268 283 343 322 iam
361 287 577 334 pugnatum
595 287 688 329 erat,
710 286 821 320 atrox
839 283 975 322 caedes
993 283 1090 322 circa
1104 282 1213 334 signa
1225 282 1474 328 Samnitium,

63 343 150 392 suga
173 340 218 379 ab
239 339 439 379 nulladum
461 344 568 391 parte
590 344 690 378 erat:
712 339 807 377 adeo
830 344 954 378 morte
976 340 1055 378 sola
1072 341 1170 379 vinci
1188 339 1476 379 destinaverant

63 398 212 437 animis.
254 397 383 449 itaque
403 396 584 443 Romani,
607 409 695 436 cum
715 401 753 434 et
774 397 892 434 ssuere
915 396 988 435 iam
1013 397 1240 436 lassitudine
1264 397 1363 435 vires
1383 408 1475 435 sen-

15 476 17 502 ;
63 454 181 493 tirent
201 458 240 493 et
261 454 335 493 diei
355 454 457 493 haud
480 453 646 493 multum
670 466 888 504 superesse,
914 454 1062 492 accensi
1084 454 1139 493 ira
1162 453 1359 493 concitant
1377 467 1419 492 se
1437 454 1477 492 in

62 511 229 550 hostem.
279 516 363 550 tum
385 511 557 563 primum
579 510 712 550 referri
742 511 880 561 pedem
904 514 1021 561 atque
1043 510 1215 549 inclinari
1243 524 1327 550 rem
1349 510 1388 549 in
1409 511 1474 550 fu-

60 580 147 620 gam
169 568 360 620 apparuit;
384 573 467 607 tum
492 567 586 619 capi,
611 567 732 606 occidi
755 566 928 613 Samnis;
951 578 1022 605 nec
1042 568 1328 618 superfuissent
1349 568 1476 613 multi,

62 625 101 664 ni
122 637 200 664 nox
222 625 421 665 victoriam
450 625 572 676 magis
602 637 716 677 quam
748 624 939 676 proelium
970 623 1202 663 diremisset.
1251 630 1289 663 et
1309 625 1474 664 Romani

61 682 279 722 fatebantur
298 695 515 735 numquam
538 695 625 721 cum
647 681 902 734 pertinaciore
924 682 1036 720 hoste
1053 681 1290 726 conflictum,
1313 682 1475 720 etSam-

63 740 178 787 niteS,
209 753 296 780 cum
327 745 597 791 quaereretur,
627 751 821 791 quaenam
853 738 977 790 prima
1007 751 1121 778 causa
1151 742 1230 777 tam
1260 737 1474 777 obstinatos

61 797 246 837 movisset
266 797 306 836 in
326 800 470 849 fugam,
493 797 626 837 oculos
648 796 720 835 sibi
741 796 1009 835 Romanorum
1030 795 1166 835 ardere
1188 796 1288 834 visos
1319 795 1473 834 aiebant

61 866 303 906 vesanosque
323 856 450 894 vultus
472 859 510 893 et
526 853 689 894 furentia
709 866 794 900 ora,
817 853 908 892 inde
930 854 1017 904 plus
1036 865 1154 904 quam
1184 866 1227 891 ex
1249 852 1320 891 alia
1340 853 1417 891 ulla
1434 865 1474 891 re

62 911 222 951 terroris
244 917 386 951 ortum.
436 924 551 963 quem
581 916 774 950 terrorem
805 922 886 949 non
915 922 1066 962 pugnae
1092 910 1219 949 solum
1243 914 1386 949 eventu
1408 910 1475 948 sed

61 973 250 1008 nocturna
271 969 512 1020 profectione
535 969 702 1007 confessi
723 972 827 1007 sunt.
877 972 1033 1018 postero
1066 967 1125 1006 die
1147 967 1277 1006 vacuis
1299 967 1473 1006 hostium

61 1026 195 1065 castris
216 1026 415 1066 Romanus
443 1025 603 1077 potitur,
628 1039 706 1077 quo
734 1038 775 1064 se
798 1024 927 1064 omnis
949 1025 1235 1077 Campanorum
1265 1024 1474 1063 multitudo

63 1082 346 1134 gratulabunda
367 1083 511 1122 effudit.

174 1140 356 1179 Ceterum
376 1141 452 1179 hoc
468 1139 650 1190 gaudium
673 1150 810 1190 magna
827 1150 947 1190 prope
970 1138 1075 1178 clade
1096 1138 1136 1177 in
1155 1138 1315 1177 Samnio
1338 1139 1471 1178 foeda·
1499 1134 1552 1174 34

66 1202 150 1235 tum
173 1202 242 1235 est.
280 1209 370 1236 nam
393 1197 439 1235 ab
463 1196 631 1235 Saticula
660 1196 858 1247 profectus
881 1195 1084 1234 Cornelius
1107 1196 1242 1235 consul
1264 1196 1477 1234 exercitum

70 1254 219 1292 incaute
243 1254 281 1291 in
305 1254 445 1293 saltum
475 1266 563 1293 cava
592 1253 685 1292 valle
707 1252 882 1304 pervium
908 1253 1084 1304 circaque
1108 1253 1303 1292 insessum
1333 1253 1380 1291 ab
1404 1252 1478 1291 ho-

67 1315 124 1348 ste
142 1310 303 1357 induxit,
326 1323 396 1350 nec
412 1310 529 1362 prius,
552 1323 668 1362 quam
686 1309 804 1361 recipi
820 1314 904 1348 tuto
921 1309 1028 1360 signa
1046 1322 1125 1348 non
1142 1314 1335 1361 poterant,
1354 1309 1475 1348 inmi-

63 1372 222 1405 nentem
241 1367 352 1418 capiti
370 1368 523 1406 hostem
540 1367 644 1406 vidit.
678 1367 770 1405 dum
788 1366 824 1405 id
846 1378 979 1405 morae
998 1366 1240 1406 Samnitibus
1257 1371 1328 1414 est,
1347 1367 1474 1418 quoad

62 1428 187 1462 totum
217 1424 256 1462 in
278 1424 413 1463 vallem
436 1424 609 1463 infimam
632 1423 854 1463 demitteret
874 1435 1025 1475 agmen,
1056 1423 1098 1463 P.
1123 1423 1262 1463 Decius
1292 1423 1473 1463 tribunus

62 1553 149 1584 circa
165 1562 204 1592 s.,
224 1550 288 1584 wie
306 1551 337 1593 8,
359 1552 410 1593 11,
430 1552 465 1582 7:
489 1553 521 1583 et
536 1553 614 1583 ante
632 1553 732 1593 signa

65 1601 96 1630 et
114 1600 189 1642 post
213 1597 323 1639 signa.
346 1615 387 1621 —-
413 1596 595 1638 nulladum,
622 1597 653 1638 3,
680 1599 732 1637 50,

67 1643 119 1676 16.
136 1662 179 1666 --
196 1641 353 1675 destinae.
369 1654 437 1683 am,
461 1642 511 1674 sie
533 1643 647 1675 hatten
672 1653 731 1674 aus

66 1689 215 1731 eigenem
239 1688 398 1721 Antriebe
427 1689 489 1720 den
519 1687 625 1720 festen
652 1687 732 1720 Ent—

66 1735 195 1767 schluss
219 1734 356 1776 gefasst,
382 1746 408 1766 5.
434 1734 488 1773 23,
512 1733 566 1774 29,
585 1734 622 1772 Ίς
649 1733 732 1766 iiber

67 1780 127 1812 den
147 1791 214 1812 acc.
234 1792 262 1812 c.
279 1779 336 1812 inf.
355 1790 381 1812 s,
401 1780 454 1821 24,
470 1779 500 1820 2,
519 1779 732 1821 ].——fluere,

66 1836 92 1858 c.
113 1826 166 1867 29,
184 1826 221 1864 53
251 1826 302 1867 10,
326 1826 379 1867 28,
405 1826 437 1857 4.
461 1843 503 1848 —
531 1827 663 1857 accensi
678 1827 731 1857 ira

66 1871 148 1903 iiber
170 1872 231 1903 den
256 1871 374 1912 langen
399 1870 636 1911 Widerstand,
664 1871 731 1902 und

64 1917 144 1949 weil
162 1916 212 1949 sie
230 1915 655 1960 denHampfvorAnbruch
673 1917 732 1948 der

63 1961 170 1994 Nacht
199 1962 376 1994 vollenden
405 1961 547 2004 wollen,
577 1962 645 2003 vgl.
675 1962 730 2003 24,

67 2008 106 2040 16
125 2008 152 2048 ,1

113 2052 251 2086 16—18.
288 2052 421 2094 ardere,
450 2063 476 2084 s.
505 2052 534 2094 6,
564 2053 615 2092 13,
638 2053 667 2085 2.
686 2071 730 2076 -

66 2098 283 2130 vultus—ora
305 2109 336 2130 n.
352 2109 429 2138 esse,
457 2098 511 2138 21,
528 2099 559 2139 4,
577 2099 616 2137 23
643 2098 730 2131 Doe-

67 2143 197 2175 derlein
213 2143 291 2186 Syn.
309 2145 339 2184 5,
357 2144 409 2175 87.
421 2144 628 2175 —movz'sset
640 2145 729 2187 inf,

70 2199 97 2221 s.
116 2188 234 2229 8,2,6;
252 2188 310 2220 das
328 2187 476 2221 einfache
492 2198 624 2221 movere
638 2190 728 2222 ware

67 2244 144 2266 nur:
162 2244 234 2265 zum
253 2232 415 2266 weichen
432 2234 579 2275 bringen.
594 2253 637 2258 —-
655 2245 729 2277 qao,

65 2279 130 2311 und
147 2279 178 2310 in
196 2279 306 2311 dieses
324 2290 355 2311 u.
373 2290 399 2312 s.
419 2289 459 2310 w.
494 2279 531 2312 L.
550 2284 647 2321 setzt,
664 2281 729 2312 wie

65 2324 190 2366 effudit
230 2324 337 2365 zeigt,
378 2335 521 2366 voraus,
562 2326 638 2357 dass
676 2326 729 2358 die

68 2369 224 2402 Schlaeht
252 2370 286 2402 in
313 2371 372 2402 der
399 2370 493 2402 Nahe
525 2380 590 2402 von
619 2370 730 2414 Capua

64 2414 221 2456 geliefert
245 2416 381 2448 worden
399 2415 461 2456 sei,
488 2415 642 2457 obgleich
658 2418 730 2450 die-

65 2469 119 2492 ses
136 2470 200 2492 von
226 2460 299 2492 dem
317 2459 448 2494 Gaurus
473 2471 578 2502 gegen
596 2462 614 2493 3
633 2463 730 2495 deut—

67 2506 143 2537 sche
161 2505 283 2538 Meilen
302 2505 449 2539 entfernt
471 2507 524 2547 ist,
550 2507 634 2539 doch
659 2508 727 2549 vgl.

67 2550 158 2587 c.29‚
177 2551 212 2591 43
231 2550 326 2583 Nieb.
339 2552 367 2593 1,
384 2552 461 2584 429.

111 2589 280 2628 34—38·
328 2598 359 2629 5.
398 2596 519 2629 Decius
552 2597 638 2638 Mus,
675 2598 728 2630 die

135 2650 189 2678 Tit.
209 2650 266 2679 Liv,
282 2651 331 2679 111.
346 2652 370 2678 3.
382 2652 456 2679 Aufl.

804 1549 961 1582 Schlacht
992 1550 1043 1582 bei
1070 1550 1231 1582 Suessula
1267 1550 1333 1582 und
1370 1550 1472 1583 deren

804 1595 941 1636 Folgen.
990 1596 1119 1638 Appian
1148 1596 1256 1628 Sama.
1291 1597 1324 1636 13
1353 1595 1471 1628 Front.

804 1642 908 1674 Strat.
938 1642 966 1682 1,
986 1643 1016 1683 5,
1038 1643 1095 1682 143
1120 1642 1150 1683 4,
1169 1643 1200 1682 5,
1219 1642 1255 1682 93
1281 1641 1362 1674 Aur.
1381 1641 1471 1675 Vict.

807 1687 860 1719 26.

853 1734 880 1765 1.
909 1732 1007 1775 foed.
1026 1735 1082 1775 est,
1110 1732 1140 1772 2,
1161 1732 1210 1774 10,
1229 1733 1260 1764 2.
1285 1750 1329 1756 —-
1354 1734 1394 1764 ab
1410 1732 1473 1765 Sa-

803 1781 867 1820 tic,
882 1790 909 1811 s.
921 1791 949 1810 6.
964 1779 1019 1819 32,
1034 1778 1064 1819 2,
1078 1779 1137 1810 das
1146 1778 1234 1810 Heer
1247 1779 1376 1811 scheint
1390 1780 1473 1811 nach

803 1825 1027 1856 Beneventum
1053 1835 1094 1855 zu
1120 1824 1152 1855 in
1172 1824 1338 1856 Samnium
1359 1825 1473 1865 einge-

805 1871 903 1902 riickt
921 1871 987 1902 und
1005 1870 1038 1902 in
1057 1870 1117 1902 der
1137 1869 1229 1902 Niihe
1247 1870 1473 1903 derCaudini-

805 1916 904 1949 schen
922 1915 1027 1948 Piisse
1045 1915 1313 1957 eingeschlossen
1334 1916 1471 1948 worden

804 1973 845 1994 zu
862 1961 947 1995 sein.
973 1961 1033 1993 Die
1052 1961 1279 1994 Oertlichkeit
1297 1962 1362 1993 und
1382 1962 1472 1994 Stel—

804 2008 885 2048 lung
903 2008 961 2039 der
979 2007 1087 2039 Heere
1113 2006 1159 2038 ist
1176 2007 1268 2039 nicht
1285 2018 1369 2048 ganz
1386 2006 1473 2046 klar,

804 2054 843 2085 da
868 2063 904 2085 es
930 2052 966 2084 L.
995 2063 1058 2085 nur
1082 2052 1204 2084 darauf
1224 2053 1392 2085 ankommt
1417 2052 1471 2084 (116

804 2098 986 2131 Grossthat
994 2099 1051 2130 des
1060 2097 1193 2138 Decius,
1208 2098 1335 2131 welche
1346 2099 1405 2130 der
1413 2098 1471 2129 des

804 2142 1062 2184 liriegstribuns
1078 2143 1115 2185 Q.
1125 2143 1314 2185 Caedicius,
1324 2144 1378 2176 die
1389 2142 1471 2175 Cato

803 2190 884 2221 nach
903 2188 988 2222 Gell.
1007 2189 1038 2229 3,
1057 2190 1074 2220 7
1094 2199 1153 2220 aus
1171 2189 1231 2221 der
1247 2189 1325 2222 Zeit
1342 2189 1399 2221 des
1418 2198 1472 2220 61·-

803 2239 877 2267 sten
895 2235 1076 2277 punischen
1092 2232 1216 2276 Hriegs
1233 2235 1375 2275 erziihlt,
1394 2234 1471 2265 sehr

803 2280 939 2312 'ahnlich
956 2281 1010 2320 ist,
1025 2291 1066 2311 zu
1080 2279 1264 2312 schildern.
1280 2298 1325 2302 ——
1339 2278 1471 2319 saltum,

802 2326 1085 2357 wahrscheinlich
1102 2335 1153 2357 ain
1170 2336 1263 2357 mons
1282 2324 1470 2356 Taburnus.

801 2389 845 2394 --
862 2372 902 2402 ab
918 2373 1020 2413 hoste,
1046 2371 1098 2403 die
1118 2371 1290 2403 Samniten
1314 2370 1470 2402 seheinen

803 2416 912 2448 dieses
930 2417 1051 2448 zweite
1061 2416 1149 2449 Heer
1164 2426 1238 2448 zum
1251 2416 1394 2447 Schutze
1412 2414 1470 2445 der

804 2460 934 2494 Grenze
951 2472 1056 2503 gegen
1069 2461 1203 2493 Latium
1221 2459 1418 2500 ausgestellt
1428 2469 1468 2490 zu

800 2507 918 2539 haben.

847 2553 946 2585 3—5.
972 2552 1168 2591 demitteret,
1183 2552 1242 2583 der
1256 2549 1392 2589 Consul,
1409 2548 1468 2578 der

801 2597 884 2630 iiber
902 2598 976 2630 eine
994 2598 1084 2629 Ho’he
1102 2598 1134 2628 in
1152 2597 1210 2627 das
1227 2594 1310 2627 Thal
1333 2594 1469 2635 (infima

1144 2652 1185 2685 11

1508 404 1547 436 14

1506 516 1545 548 15

1509 624 1546 656 16

1508 798 1543 832 17

1506 969 1545 1000 18

1504 1314 1522 1345 2

1504 1370 1523 1402 3
