1763 2983
125 180 147 200 ι,
168 171 217 197 Ch.
238 171 298 197 300.
318 169 379 196 299.
623 165 744 198 LIBER
771 165 815 198 X.
865 164 957 196 CAP.
984 165 1014 196 9.
1045 165 1094 203 10,
1460 162 1540 201 397

127 273 326 314 annalium
349 277 483 311 auctor
504 271 594 309 Piso
616 268 755 313 effecit,
786 268 852 318 qui
876 281 921 306 eo
944 280 1049 309 anno
1071 267 1213 306 aediles
1242 267 1394 305 curules
1425 266 1542 305 fuisse

123 331 241 371 tradit
262 331 302 369 C.
326 328 539 368 Domitium
565 327 633 366 Cn.
657 326 680 364 f.
711 324 913 364 Calvinum
944 330 982 363 et
1011 324 1076 375 Sp.
1106 324 1311 363 Carvilium
1339 324 1386 370 Q.
1412 323 1437 362 f.
1463 323 1543 363 Ma—

126 389 288 427 ximum.
330 387 367 425 id
389 385 505 425 credo
527 393 747 435 cognomen
769 393 941 420 errorem
965 381 1004 419 in
1026 381 1217 420 aedilibus
1244 380 1396 427 fecisse,
1425 393 1542 420 secu-
1577 389 1615 423 13

126 451 287 496 tamque
317 443 486 481 fabulam
519 441 681 479 mixtam
715 452 759 478 ex
793 438 978 477 aediliciis
1011 443 1050 476 et
1072 437 1345 477 consularibus
1369 438 1546 484 comitiis,

127 501 425 541 convenientem
449 498 586 537 errori.
627 502 664 536 et
686 497 852 534 lustrum
887 508 932 534 eo
964 506 1068 533 anno
1097 495 1297 534 conditum
1326 508 1346 534 a
1367 495 1409 534 P.
1432 496 1547 534 Sem-
1579 505 1617 537 14

127 558 268 611 pronio
301 556 434 608 Sopho
464 561 503 594 et
532 555 574 593 P.
608 552 778 604 Sulpicio
809 551 1041 591 Saverrione
1068 552 1314 599 censoribus,
1347 552 1549 604 tribusque

128 615 282 654 additae
305 614 416 660 duae,
439 611 624 651 Aniensis
647 623 690 649 ac
711 609 908 648 Teretina.
958 608 1052 647 haec
1073 608 1219 648 Romae
1240 615 1359 660 gesta.

240 672 420 710 Ceterum
439 670 485 707 ad
498 669 721 720 Nequinum
741 666 925 718 oppidum
945 678 1031 705 cum
1051 666 1163 716 segni
1179 666 1381 705 obsidione
1390 671 1547 717 tempus
1569 666 1618 703 lo

128 734 331 774 tereretur,
354 727 431 766 duo
454 739 497 765 ex
517 724 734 777 oppidanis,
756 736 925 775 quorum
949 728 1060 762 erant
1080 722 1252 762 aedilicia
1270 723 1400 762 iuncta
1421 735 1596 769 murm„

129 798 250 838 specu
280 787 380 823 facto
412 784 458 823 ad
489 783 678 822 stationes
710 781 906 820 Romanas
939 780 1080 819 itinere
1112 780 1264 819 occulto
1295 780 1550 831 perveniunt:

127 843 217 882 inde
239 842 286 881 ad
308 841 511 880 consulem
534 839 692 878 deducti
713 838 951 890 praesidium
976 842 1168 876 armatum
1199 850 1240 875 se
1271 837 1371 875 intra
1392 836 1549 875 moenia
1579 846 1596 876 2

128 905 165 938 et
187 912 320 938 muros
341 903 571 949 accepturos
594 896 842 935 confirmant.
876 907 949 934 nec
969 894 1215 946 aspernanda
1236 906 1297 933 res
1317 894 1397 932 visa
1419 906 1548 944 neque
1579 902 1596 933 3

129 957 282 996 incaute
305 955 512 995 credenda.
555 966 642 993 cum
665 953 785 991 altero
808 964 945 991 eorum
968 975 1022 978 —-
1044 964 1133 990 nam
1157 952 1253 990 alter
1281 951 1396 990 obses
1418 956 1552 989 reten-

128 1019 193 1052 tus
225 1036 279 1042 ——-
309 1013 386 1052 duo
418 1012 683 1063 exploratores
715 1022 785 1061 per
821 1008 1042 1049 cuniculum
1074 1008 1204 1054 missi;
1233 1021 1302 1059 per
1331 1021 1430 1059 quos
1459 1007 1550 1047 satis
1579 1019 1600 1049 4

131 1076 318 1122 conperta
348 1082 391 1108 re
422 1068 590 1108 trecenti
626 1067 764 1106 armati
797 1067 996 1118 transfuga
1024 1065 1123 1105 duce
1155 1066 1194 1104 in
1221 1065 1361 1104 urbem
1390 1065 1554 1116 ingressi

131 1133 248 1167 nocte
268 1133 436 1179 portam,
469 1138 566 1177 quae
588 1124 765 1176 proxima
796 1129 890 1169 erat,
923 1135 1075 1174 cepere.
1120 1135 1196 1175 qua
1224 1125 1389 1161 refracta
1419 1122 1556 1161 consul

133 1185 404 1235 exercitusque
426 1183 627 1221 Romanus
651 1181 736 1220 sine
759 1180 971 1220 certamine
994 1179 1130 1219 urbem
1160 1180 1350 1219 invasere.
1400 1179 1453 1218 ita
1473 1179 1551 1217 Ne-
1581 1179 1599 1209 5

136 1242 302 1293 quinum
323 1241 363 1279 in
386 1240 579 1279 dicionem
600 1238 734 1290 populi
755 1238 922 1277 Romani
944 1237 1062 1276 venit.
1115 1237 1264 1277 colonia
1294 1250 1340 1276 eo
1369 1237 1555 1275 adversus

141 1299 309 1338 Umbros
331 1297 447 1336 missa
470 1310 489 1336 a
511 1296 672 1335 flumine
695 1295 839 1334 Narnia
860 1295 1069 1346 appellat33
1091 1294 1282 1333 exereitus
1304 1306 1393 1332 cum
1414 1306 1554 1345 magna

134 1356 277 1407 praeda
299 1355 462 1394 Romam
484 1354 680 1393 reductus.

256 1411 403 1451 Eodem
428 1423 529 1450 anno
548 1410 595 1449 ab
605 1409 778 1449 Etruscis
796 1408 981 1448 adversus
999 1408 1170 1447 indutias
1187 1413 1366 1460 paratum
1385 1406 1554 1452 bellum;
1583 1414 1602 1444 6

131 1538 243 1581 gleich
269 1538 321 1570 die
346 1537 576 1577 Einr‘aumung
602 1547 642 1567 zu
665 1537 808 1579 factum,

132 1585 200 1625 vgl.
222 1586 248 1623 1,
262 1584 315 1625 24,
338 1586 363 1616 1.
381 1593 497 1627 *pro
513 1593 540 1614 e.
555 1592 647 1626 pon„
667 1594 691 1614 s.
705 1582 736 1623 4,
755 1582 809 1623 23,

132 1631 162 1662 3.
178 1649 220 1653 —
233 1628 271 1661 id
283 1648 322 1651 —
338 1639 497 1671 cognom„
514 1629 573 1660 der
581 1626 683 1659 Name
696 1627 810 1660 Maxi-

132 1675 299 1707 mushabe
312 1674 513 1713 vex-anlasst,
532 1674 608 1705 dass
619 1672 741 1704 Fabius
756 1672 810 1705 fiir

133 1722 195 1752 den
221 1720 320 1752 Aedil
337 1719 503 1760 gehalten,
529 1729 554 1750 S.
584 1729 611 1750 c.
633 1719 663 1758 3,
688 1721 718 1757 4,
743 1720 808 1750 und

135 1766 188 1798 die
213 1776 278 1796 von
303 1765 418 1797 Macer
444 1776 474 1796 u.
502 1775 527 1796 s.
555 1774 594 1795 w.
620 1763 808 1796 berichtete

134 1811 326 1850 Erz'ahlung
342 1810 509 1842 erdichtet
526 1809 662 1841 worden
681 1808 741 1842 sei.
765 1828 808 1832 —

135 1874 177 1878 —-
193 1858 338 1887 mia-tam
357 1866 410 1895 ew,
429 1856 496 1897 vgl.
517 1855 569 1895 27,
588 1855 619 1893 2,
641 1857 677 1889 11
693 1867 701 1894 ς
729 1864 806 1886 ver-

134 1901 232 1933 kiirzt
251 1906 308 1933 st.:
332 1901 365 1932 in
384 1901 531 1932 welcher
547 1901 705 1941 Angaben
724 1900 807 1932 iiber

135 1947 230 1979 beide
250 1944 418 1978 '‘Comitien
439 1945 619 1978 combinirt
644 1947 708 1978 und
735 1947 807 1978 deni

135 1991 279 2025 lrrthum
290 1997 467 2034 angepasst
476 2002 602 2023 waren.
622 1992 806 2033 Uebrigens

135 2048 208 2070 war
230 2037 353 2070 Fabius
377 2039 477 2070 sehon
503 2037 568 2069 423
594 2048 623 2070 a.
640 2050 672 2070 u.
698 2037 807 2079 Aedil,

137 2095 162 2115 S.
183 2084 213 2124 8,
234 2084 284 2124 18,
305 2085 335 2115 4.
366 2103 408 2106 —
437 2084 596 2124 lustrum,
623 2093 658 2115 es
683 2084 740 2125 ist,
767 2084 807 2114 da

136 2129 195 2161 das
223 2129 498 2171 Dictatorenjahr
527 2141 553 2160 c.
584 2131 616 2170 5,
648 2130 688 2162 14
718 2129 809 2160 nicht

133 2174 290 2206 wirklich
315 2176 508 2207 vor-handen
538 2186 622 2216 war,
652 2180 722 2207 erst
749 2176 807 2206 das

134 2220 244 2252 vierte
253 2220 334 2252 ,13111-
352 2221 435 2252 nach
454 2221 514 2252 der
528 2220 656 2252 Censur
673 2222 731 2253 des
746 2219 808 2252 Fa-

136 2265 211 2297 bius
230 2266 329 2307 9,46;
349 2266 529 2297 Mommsen
546 2267 665 2298 Chron.
683 2267 715 2298 S.
735 2266 807 2298 164.

135 2329 177 2334 —
195 2310 367 2354 Sempron.
385 2316 447 2344 etc.
469 2311 489 2354 ξ
509 2311 546 2350 23
566 2312 596 2352 9,
612 2312 667 2344 45.
685 2331 727 2335 ——
746 2314 809 2344 tri-

136 2357 205 2397 bus,
233 2368 257 2389 s.
277 2358 307 2396 8,
330 2357 387 2395 17ς
413 2358 445 2398 9,
464 2359 522 2397 20;
549 2367 585 2388 es
608 2358 742 2390 werden
769 2368 805 2389 so

138 2401 178 2433 33
202 2401 337 2435 Tribus.
367 2422 410 2425 —
445 2402 607 2442 Teretina,
638 2413 674 2435 so
704 2404 807 2435 findet

137 2447 209 2479 sich
227 2448 286 2480 der
302 2447 404 2481 Name
428 2447 487 2480 auf
500 2447 710 2489 Inschriften,
738 2448 805 2489 vgl.

137 2491 206 2525 Cic.
224 2493 337 2526 Plane.
363 2494 392 2533 8,
420 2494 479 2533 21;
505 2495 555 2534 16,
583 2494 641 2535 383
669 2495 724 2533 22,
743 2495 804 2532 543

137 2535 317 2571 Griechich
328 2542 509 2582 Τηρητίνα,
520 2540 666 2581 (13565611
679 2541 807 2582 Τερέν-

136 2594 224 2624 nos-3
241 2585 324 2616 doch
343 2585 447 2617 haben
471 2585 522 2616 die
537 2585 611 2617 Hss.
630 2583 808 2617 Terentina

884 1535 979 1576 (nach
997 1534 1057 1567 Th.
1076 1534 1284 1574 Mommsen).

930 1576 995 1613 10.
1025 1580 1121 1613 1—7.
1147 1582 1269 1619 iuncta,
1284 1579 1422 1621 5,34‚7:
1441 1582 1554 1612 iuncta

881 1626 970 1658 coelo
985 1628 1078 1668 iuga,
1099 1626 1245 1667 dagegen
1261 1627 1434 1657 coniuncta
1455 1628 1483 1665 1,
1498 1627 1552 1665 44,

882 1672 912 1702 4.
929 1691 971 1695 —-
986 1682 1095 1715 specu,
1109 1671 1209 1713 was§
1220 1671 1238 1702 3
1248 1671 1422 1702 cuniculus
1435 1672 1553 1703 heisst.

881 1736 924 1740 ——
941 1719 1082 1755 moenia,
1107 1717 1160 1748 die
1179 1715 1552 1757 Befestigungsmauern

883 1763 941 1794 der
949 1762 1056 1801 stadt,
1068 1772 1197 1801 muros,
1207 1762 1393 1804 iiberhaupt
1402 1763 1553 1802 Manem,

882 1809 947 1849 vgl.
974 1820 1001 1840 c.
1024 1810 1073 1849 17,
1100 1809 1138 1847 73
1164 1808 1267 1848 Verg.
1292 1808 1373 1839 Aen.
1403 1810 1452 1850 11,
1471 1809 1551 1840 506:

880 1854 926 1885 ad
940 1864 1059 1886 muros
1075 1854 1218 1886 subsiste
1241 1855 1271 1884 et
1287 1855 1420 1885 moenia
1437 1864 1551 1893 serva,

880 1899 965 1931 Plin.
992 1900 1045 1939 29,
1067 1900 1094 1939 1,
1122 1900 1158 1935 9;
1185 1899 1387 1931 Doederlein
1412 1900 1491 1943 Syn.
1522 1901 1553 1941 5,

880 1945 939 1977 351
956 1957 964 1986 3
982 1945 1120 1985 Madvig
1141 1945 1214 1977 htilt
1230 1947 1264 1976 et
1285 1955 1401 1977 muros
1420 1946 1476 1977 fiir
1493 1956 1553 1977 un-

880 1991 1221 2029 {ioht—consulem,
1241 2001 1268 2021 c.
1286 1990 1318 2030 9,
1333 1991 1369 2021 9:
1389 1992 1554 2023 consules

880 2047 952 2068 war
970 2047 1032 2069 nur
1048 2037 1282 2076 Bezeichnung
1299 2037 1357 2068 des
1372 2036 1502 2069 Jahres.
1514 2056 1556 2061 ——

881 2092 938 2114 nec
955 2092 1022 2125 asp.
1044 2088 1121 2123 etc.,
1136 2082 1270 2122 vgl.21,
1289 2082 1342 2123 34,
1363 2083 1398 2121 43
1419 2084 1448 2124 3,
1464 2084 1513 2124 16,
1526 2084 1556 2115 3.

880 2147 920 2150 -
940 2129 976 2159 i'tz
993 2127 1056 2159 dic.
1075 2130 1177 2168 vem't,
1196 2128 1226 2167 8,
1242 2128 1294 2168 20,
1309 2129 1340 2159 6.
1360 2146 1402 2151 —
1420 2139 1441 2159 α
1457 2129 1552 2171 flam.

881 2172 1025 2211 11.Να1·6,
1045 2174 1099 2206 die
1115 2173 1266 2214 Colonie,
1284 2174 1349 2205 wie
1358 2173 1552 2206 Ocriculum

881 2229 921 2250 an
939 2220 999 2251 der
1017 2219 1163 2260 Strasse,
1188 2218 1315 2251 welche
1338 2220 1484 2252 nachher
1501 2221 1553 2252 die

880 2265 937 2296 via
954 2264 1119 2296 Flaminia
1134 2266 1313 2307 geworden
1328 2265 1384 2305 ist,-
1401 2266 1552 2306 gelegeu,

881 2310 993 2342 diente
1020 2321 1080 2342 zur
1098 2311 1257 2352 Deckung
1279 2312 1339 2343 der
1364 2310 1554 2343 Tiberliuie

881 2357 947 2388 und
964 2367 1025 2388 zur
1040 2356 1309 2397 Niederhaltung
1330 2357 1389 2387 der
1413 2356 1555 2388 Umbrer

879 2402 1021 2443 (advers.
1054 2403 1192 2442 Umbr.),
1224 2402 1322 2434 Nieb.
1348 2402 1381 2441 3,
1405 2402 1481 2434 312.
1510 2420 1554 2425 —

881 2448 1046 2490 reductus,
1065 2449 1149 2480 nach
1167 2449 1228 2480 den
1248 2447 1552 2490 Triumphalfasten

877 2494 1072 2537 triumphirt
1092 2493 1234 2525 Fulvius
1267 2503 1301 2523 α.
1330 2492 1483 2525 DCLIV.
1514 2493 1554 2524 de

879 2538 1151 2571 Samnitibus
1165 2538 1471 2581 Neqm'natibusque
1485 2538 1557 2570 VII

881 2585 917 2617 H.
947 2584 1014 2616 Oce.
1045 2603 1087 2608 --
1116 2584 1282 2626 indutias,
1312 2594 1337 2616 S.
1370 2595 1397 2616 c.
1428 2586 1465 2623 53
1495 2584 1553 2615 das
