1763 2983
69 169 93 188 ι.
109 161 162 188 cb.
174 159 329 187 348—345.·
552 159 677 192 LIBER
694 160 763 194 Vll.
803 161 895 195 CAP.
915 162 968 195 27.
984 163 1037 196 28.
1404 165 1482 203 147

22 283 23 303 l
68 264 172 303 tibus
201 263 330 314 potior
357 263 402 301 ad
428 274 560 301 curam
587 263 740 301 senatui
769 263 851 301 fuit.
901 264 1044 303 levatae
1074 266 1240 305 maxime
1271 278 1354 311 res,
1395 265 1482 316 quia

22 329 23 333 ’
67 320 211 359 tributo
243 333 285 359 ac
315 318 457 358 dilectu
487 331 772 370 supersessum.

180 376 312 415 Tertio
333 387 437 415 anno
458 381 547 427 post
568 375 760 414 Satricum
781 375 1007 415 restitutum
1031 391 1051 416 a
1072 379 1217 417 Volscis
1239 379 1287 418 M.
1307 379 1479 418 Valerius

67 434 215 473 Corvus
237 434 377 472 iterum
400 433 538 472 consul
560 445 647 471 cum
672 432 896 472 C.Poetelio
915 433 1053 480 factus,
1077 448 1164 474 cum
1188 449 1233 474 ex
1249 436 1358 474 Latio
1381 448 1484 475 nun-

66 491 203 530 tiatum
235 496 337 529 esset
368 490 514 541 legatos
545 489 592 528 ab
614 490 728 528 Antio
761 490 966 528 circumire
989 491 1155 541 populos
1177 493 1407 532 Latinorum
1439 494 1484 531 ad

65 547 338 587 concitandum
356 547 515 593 bellum,
532 546 761 598 priusquam
779 547 867 598 plus
884 547 1057 586 hostium
1076 548 1198 594 fieret,
1210 550 1358 588 Volscis
1375 563 1481 589 arma

66 604 208 643 inferre
234 604 366 643 iussus
388 604 434 643 ad
458 604 650 643 Satricum
669 604 839 642 exercitu
860 604 1000 643 1nfesto
1024 606 1161 656 pergit.
1194 619 1270 656 quo
1294 620 1381 645 cum
1406 608 1485 646 An-

65 661 177 700 tiates
200 661 340 713 aliique
351 661 478 700 Volsci
501 661 740 712 praeparatis
760 661 836 700 iam
854 666 957 707 ante,
981 662 1013 700 si
1030 662 1123 713 quid
1146 662 1191 700 ab
1209 663 1331 701 Roma
1350 677 1483 702 move—

64 723 184 765 retur,
207 718 327 770 copiis
350 717 624 764 occurrissent,
649 718 755 758 nulla
776 730 885 757 mora
906 718 1010 757 inter
1031 719 1208 758 infensos
1227 720 1377 759 diutino
1396 721 1483 760 odio

64 775 271 814 dimicandi
300 775 399 814 facta
429 781 499 814 est.
545 775 682 820 Volsci,
713 775 881 815 ferocior
911 776 957 814 ad
988 775 1254 815 rebellandum
1287 789 1402 828 quam
1434 778 1480 816 ad

66 831 291 872 bellandum
321 845 429 884 gens,
462 832 674 872 certamine
701 832 791 871 victi
820 832 911 883 fuga
934 834 1053 871 effusa
1077 833 1216 872 Satrici
1239 834 1393 872 moenia
1414 847 1484 884 pe-

65 894 166 928 tunt.
200 895 238 928 et
259 902 309 928 ne
331 890 370 928 in
393 889 517 929 muris
540 889 696 941 quidem
728 890 820 928 satis
852 890 963 929 firma
994 902 1062 941 spe
1094 903 1181 929 cum
1215 903 1358 929 corona
1381 892 1484 929 mili—

64 951 148 986 tum
170 947 292 986 cincta
313 947 389 986 iam
412 947 523 986 scalis
545 952 749 998 caperetur
769 947 875 991 urbs,
906 946 952 986 ad
975 953 1162 998 quattuor
1182 948 1286 987 milia
1315 948 1484 987 militum

64 1010 217 1055 praeter
238 1005 532 1044 multitudinem
554 1004 736 1042 inbellem
757 1017 842 1043 sese
866 1004 1062 1043 dedidere.
1095 1004 1283 1056 oppidum
1307 1005 1480 1044 dirutum

65 1066 182 1112 atque
194 1061 419 1104 incensum:
437 1061 483 1100 ab
503 1061 596 1100 aede
605 1066 757 1100 tantum
770 1061 904 1100 matris
916 1060 1083 1100 Matutae
1092 1062 1319 1101 abstinuere
1337 1063 1482 1113 ignem.

65 1118 206 1169 praeda
228 1119 355 1157 omnis
378 1118 491 1157 militi
512 1118 610 1157 data.
652 1123 758 1157 extra
788 1118 970 1169 praedam
993 1123 1179 1169 quattuor
1205 1119 1308 1158 milia
1330 1120 1484 1159 dedito-

67 1187 153 1214 rum
176 1175 327 1221 habita,
359 1187 423 1213 eos
455 1175 605 1214 vinctos
637 1175 773 1213 consul
802 1180 890 1214 ante
922 1187 1080 1214 currum
1112 1176 1360 1227 triumphans
1383 1177 1482 1227 egit3

67 1231 231 1270 venditis
254 1232 390 1270 deinde
414 1243 593 1282 magnam
618 1231 824 1283 pecuniam
847 1232 886 1270 in
903 1233 1095 1271 aerarium
1113 1233 1273 1283 redegit.
1305 1239 1397 1272 sunt
1414 1234 1478 1284 qui

68 1287 167 1326 hanc
189 1288 481 1327 multitudinem
500 1288 689 1339 captivam
707 1301 910 1327 servorum
928 1289 1047 1328 fuisse
1065 1289 1247 1336 scribant,
1267 1290 1383 1341 idque
1400 1303 1484 1329 ma—

11 1348 13 1384 3
68 1345 124 1394 gis
148 1344 226 1383 veri
248 1345 372 1383 simile
394 1351 455 1383 est
477 1358 593 1396 quarn
617 1345 770 1383 deditos
792 1346 957 1386 venisse.

181 1401 260 1439 Hos
291 1402 472 1440 consules
503 1401 624 1441 secuti
655 1407 749 1440 sunt
771 1402 818 1440 M.
837 1402 979 1441 Fabius
1002 1402 1152 1441 Dorsuo
1185 1403 1267 1442 Ser.
1289 1404 1482 1456 Sulpicius

67 1458 305 1497 Camerinus.
356 1459 581 1498 Auruncum
615 1458 702 1497 inde
734 1459 878 1498 bellum
910 1459 957 1498 ab
988 1460 1193 1511 repentina
1231 1462 1482 1512 populatione

66 1521 270 1566 coeptum,
301 1521 488 1568 metuque
511 1528 560 1555 ne
582 1516 620 1555 id
642 1518 786 1555 sactum
808 1517 943 1568 populi
963 1517 1095 1564 unius,
1120 1518 1331 1557 consilium
1355 1518 1483 1557 omnis

63 1667 173 1699 lichen
192 1666 308 1699 Credit
332 1667 515 1709 iiber-haupt
542 1667 647 1707 (nicht
670 1668 731 1700 den

65 1713 122 1744 des
152 1713 296 1746 Staatesi
327 1712 481 1745 aufrecbt
510 1724 552 1744 zu
580 1714 731 1745 erhalten

63 1758 178 1789 wurde
196 1756 311 1790 diefiir
328 1758 731 1791 vieledriickendeMass-

64 1803 157 1844 regel
174 1804 390 1844 angeordnet.
405 1823 447 1827 —
458 1806 569 1847 potior
585 1804 640 1845 ad,
661 1805 728 1837 Cic.

64 1848 136 1880 Fin.
157 1849 185 1890 1,
203 1851 233 1889 4,
253 1849 306 1882 11:
323 1849 414 1881 nulla
426 1849 472 1881 ad
487 1849 662 1892 legendum
675 1861 731 1893 po-

63 1896 160 1926 tim-o.
189 1913 232 1918 -
261 1896 385 1927 tributo
408 1907 438 1927 α.
463 1895 506 1934 α’.,
537 1896 589 1928 die
612 1897 730 1929 beiden

68 1939 185 1982 Dinge,
214 1940 342 1973 welche
365 1941 419 1973 die
435 1941 526 1974 Noth
549 1942 610 1974 der
633 1942 730 1974 Plebs

64 1987 299 2018 verursacben.

110 2032 206 2063 5—9.
241 2031 372 2071 Poetel.,
393 2043 421 2064 c.
444 2033 492 2065 11.
516 2050 557 2055 -—
580 2034 621 2064 ab
638 2035 730 2073 Ant„

63 2085 98 2108 es
116 2076 162 2108 ist
179 2077 250 2109 also
264 2077 393 2110 wieder
410 2077 562 2110 dasselbe
571 2078 730 2111 Verhfflt-

64 2122 133 2153 niss
162 2121 226 2154 wie
254 2124 291 2162 6,
322 2124 353 2155 6.
383 2140 427 2146 —-
459 2121 623 2164 Latinor„
660 2125 727 2164 vgl.

64 2178 92 2199 c.
104 2166 157 2208 25,
171 2167 207 2206 63
227 2167 256 2205 8,
277 2168 307 2208 4,
325 2168 354 2199 2.
369 2185 411 2191 —
425 2167 561 2210 diutino,
580 2170 729 2211 obgleich

62 2212 164 2244 sehon
189 2223 215 2244 c.
238 2213 288 2253 19,
314 2213 346 2251 9,
369 2212 421 2244 eiu
445 2211 551 2255 Hrieg
579 2215 638 2247 mit
667 2216 728 2248 den

62 2257 229 2289 Volskern
262 2258 414 2290 erwiihnt
445 2258 501 2299 ist,
533 2270 569 2292 so
602 2261 660 2292 hat
689 2260 726 2292 L.

61 2302 145 2334 doch
167 2303 234 2335 wol
257 2303 349 2336 mehr
371 2314 412 2336 an
442 2304 496 2336 die
519 2303 641 2347 Hriege
666 2317 728 2338 vor

62 2347 124 2379 377
144 2359 172 2380 a.
190 2359 221 2380 u.
239 2349 390 2389 gedaeht.
409 2366 451 2372 —
465 2353 609 2393 praeter,
627 2351 728 2392 abge—

61 2393 162 2426 sehen
186 2405 262 2426 von.
286 2412 330 2418 --
353 2394 504 2427 dirutum
527 2396 591 2427 wie
617 2398 647 2437 6,
672 2397 726 2428 33.

61 2456 102 2462 —
118 2441 221 2471 eaetra
232 2449 285 2481 pr.
301 2444 377 2480 ete„
396 2439 449 2472 die
464 2440 604 2482 iibrigen
619 2442 728 2474 schei-

63 2493 123 2516 nen
148 2484 200 2517 als
218 2483 316 2518 Theil
341 2485 401 2518 der
416 2485 519 2517 Beute
536 2487 728 2520 betrachtet

65 2538 105 2560 zu
122 2530 267 2569 werden,
284 2530 352 2571 vgl.
371 2531 402 2571 4,
421 2530 474 2572 34,
492 2532 523 2562 4.
549 2549 593 2555 -
619 2542 728 2565 servo-

62 2582 147 2616 rum,
165 2583 234 2606 was
244 2573 539 2608 Priidicatsnomen
557 2576 629 2609 sein
645 2577 728 2609 soll-

810 1672 859 1700 te:
876 1679 989 1700 servos
1000 1669 1112 1710 fuisse
1122 1669 1208 1701 hanc
1220 1669 1478 1709 multitudinem,

808 1715 865 1746 hat
883 1714 953 1746 sich
971 1724 1011 1745 an
1030 1715 1087 1746 das
1106 1715 1255 1755 logiscbe
1273 1715 1410 1757 subject
1427 1717 1477 1748 als

807 1760 1035 1801 Bestimmung
1057 1761 1333 1801 angeschlossen:
1358 1773 1417 1794 aus
1436 1781 1477 1785 ——

807 1805 990 1838 bestanden
1012 1806 1108 1848 habe,
1137 1807 1206 1848 vgl.
1228 1806 1279 1847 23,
1304 1808 1357 1847 35,
1376 1811 1407 1839 b’.
1434 1825 1477 1830 —

807 1851 902 1894 idque
915 1870 957 1874 —
972 1851 1108 1891 deditos,
1128 1851 1164 1884 L.
1182 1852 1228 1884 ist
1245 1853 1391 1894 geneigt,
1409 1853 1478 1884 die-

806 1907 859 1929 ses
901 1909 942 1929 zu
982 1897 1137 1938 glauben,
1179 1898 1258 1929 weil
1291 1903 1386 1931 sonst
1419 1899 1478 1930 der

806 1942 998 1975 Grundsatz
1023 1943 1094 1984 galt
1117 1947 1235 1986 captas
1258 1955 1321 1976 non
1350 1943 1478 1976 deditas

804 1988 911 2031 de'rz'pz‘
935 1989 1048 2027 urbe-5,
1080 1988 1133 2029 37,
1157 1990 1211 2031 32,
1235 1990 1290 2029 12;
1321 2001 1355 2022 es
1385 1991 1476 2022 w'a're

805 2035 887 2066 nach
905 2035 1017 2066 seiuer
1033 2033 1177 2067 Ansicht
1200 2036 1404 2077 wenigstens
1423 2035 1475 2067 die

804 2080 1014 2122 perso'nliche
1032 2078 1185 2113 Freiheit
1202 2081 1261 2112 der
1275 2081 1402 2122 Biirger
1419 2090 1475 2122 ge-

804 2126 932 2158 siehert
950 2134 1116 2165 gewesen,
1143 2126 1212 2168 vgl.
1233 2126 1287 2168 30,
1307 2127 1336 2165 7,
1356 2126 1374 2157 2
1391 2137 1398 2164 ;
1419 2126 1474 2165 42,

805 2171 835 2210 8,
855 2172 894 2208 ὃς
926 2172 1002 2203 ΥἱιΙ.
1021 2170 1111 2202 Max.
1131 2172 1161 2211 6,
1182 2173 1211 2209 5,
1234 2174 1260 2205 1.
1298 2171 1410 2203 Allein
1434 2172 1474 2202 da

803 2216 851 2248 sie
866 2216 936 2248 sich
951 2219 1023 2249 erst
1037 2215 1090 2247 bei
1105 2217 1177 2249 dem
1192 2217 1304 2249 Sturm
1319 2217 1474 2258 ergaben,

803 2262 874 2293 also
889 2263 957 2294 wol
972 2263 1055 2294 ohne
1069 2260 1273 2304 Beffingung,
1292 2263 1359 2304 vgl.
1377 2263 1407 2303 2,
1424 2263 1474 2299 17,

803 2307 964 2348 6;S,13,
988 2308 1043 2347 125
1066 2306 1096 2349 9,
1115 2308 1169 2348 42,
1189 2309 1227 2348 73
1252 2310 1283 2349 6,
1302 2308 1406 2349 3,10,
1437 2318 1473 2339 so

802 2352 925 2385 konnte
955 2358 1111 2392 strenger
1135 2363 1239 2395 gegen
1264 2353 1314 2386 sie
1338 2352 1474 2385 verfah-

802 2409 862 2430 ren
879 2399 1026 2431 werden.

846 2481 915 2520 28·
945 2489 1040 2522 1-2.
1068 2488 1212 2528 Dorsuo,
1230 2489 1261 2529 5,
1279 2489 1331 2520 46.
1359 2488 1396 2520 L.
1414 2489 1471 2520 hat

801 2533 894 2565 nicht
916 2534 1081 2576 hemerkt,
1110 2534 1187 2566 dass
1212 2533 1306 2565 beide
1325 2533 1470 2564 Consuln

799 2576 968 2612 Patricier
984 2579 1067 2611 sind.
1087 2596 1130 2602 —
1153 2580 1366 2617 Auruncum,
1391 2586 1416 2608 s.
1437 2576 1469 2617 2,

1125 2646 1184 2680 10*

1510 557 1529 585 (ἱ

1509 1238 1527 1265 9

1511 1404 1563 1443 28

1509 1521 1526 1552 2
