1763 2983
46 220 70 238 a.
91 211 142 239 ch.
163 210 222 238 330.
538 210 663 242 maan
690 208 770 243 vm.
810 210 904 243 cAP.
935 210 985 243 19.
1386 208 1467 247 227

50 315 201 366 longius
223 314 400 354 acastris
423 313 637 359 dimicaret,
653 313 809 352 animus
826 313 1053 364 subpetere:
1077 313 1137 352 vix
1153 316 1234 351 tota
1252 316 1359 351 extra
1375 322 1468 362 por-
1504 335 1509 349 .

48 379 129 412 tam
151 376 367 411 castrorum
388 370 576 423 explicata
597 370 689 416 acie,
712 369 844 420 fugam
866 370 987 421 magis
1009 374 1113 410 retro
1136 381 1253 421 quam
1276 368 1469 420 proelium

48 434 114 468 aut
134 429 290 469 hostem
312 432 514 480 spectante
537 427 656 466 milite
677 426 763 465 sine
785 426 961 473 consilio,
986 427 1071 466 sine
1087 426 1243 467 audacia
1261 426 1467 477 depugnat.

49 490 91 525 ut
112 490 151 524 et
170 486 242 525 levi
265 490 462 525 momento
487 497 559 524 nec
581 483 761 535 ambigue
783 488 841 522 est
863 483 997 531 victus,
1016 483 1067 523 ita
1083 484 1272 523 brevitate
1293 483 1376 535 ipsa
1393 481 1469 521 loci

47 542 230 594 facilique
252 547 412 594 receptu
434 541 473 580 in
495 547 573 581 tam
597 541 820 593 propinqua
843 545 967 580 castra
988 541 1091 580 haud
1120 553 1234 592 aegre
1264 540 1428 579 militem
1450 551 1471 578 a

49 599 171 638 multa
199 600 314 639 caede
345 604 403 638 est
424 603 596 646 tutatu53
626 609 700 638 nec
727 598 808 637 fere
838 597 1045 649 quisquam
1077 597 1118 635 in
1138 597 1221 648 ipso
1244 596 1468 643 certamine,

50 656 160 708 pauci
182 656 221 695 in
241 656 355 695 turba
372 656 484 707 fugae
506 661 702 696 extremae
724 667 813 694 cum
836 654 877 693 in
899 659 1023 694 castra
1043 659 1207 693 ruerent
1235 654 1359 701 caesi,
1389 653 1470 705 pri-

52 712 202 764 misque
224 712 394 752 tenebris
418 713 649 752 Privernum
670 712 758 751 inde
773 711 1111 764 petitum'agmine
1129 710 1297 762 trepido,
1319 715 1363 749 ut
1380 721 1470 749 mu-

50 772 101 810 ris
123 770 254 822 potius
277 782 394 821 quam
416 770 513 810 vallo
535 782 622 809 sese
643 774 879 809 tutarentur.
921 782 942 808 a
964 769 1151 808 Priverno
1174 767 1351 806 Plautius
1374 767 1471 805 alter

50 827 182 866 consul
206 827 433 878 pervastatis
454 826 601 879 passim
623 826 723 879 agris
744 826 961 878 praedaque
982 825 1113 866 abacta
1141 825 1182 864 in
1204 836 1341 876 agrum
1363 823 1469 863 Fun-

50 885 196 924 danum
219 884 433 923 exercitum
456 883 616 923 inducit.
644 883 877 935 ingredienti
893 883 991 922 fines
1009 887 1169 922 senatus
1187 881 1469 921 Fundanorum

51 941 238 988 occurrit,
267 946 411 992 negant
440 954 481 981 se
512 953 583 993 pro
614 941 788 980 Vitruvio
825 945 1051 993 sectamque
1089 940 1171 979 eius
1204 939 1349 979 secutis
1381 949 1472 989 pre-

50 1003 179 1041 catum
212 999 380 1047 venisse,
413 999 481 1038 sed
512 1011 581 1050 pro
613 998 803 1038 Fundano
835 999 992 1050 populo,
1029 1010 1147 1049 quem
1179 1002 1286 1036 extra
1318 996 1471 1047 culpam

51 1056 140 1096 belli
169 1069 256 1096 esse
287 1056 415 1108 ipsum
438 1056 658 1095 Vitrubium
687 1055 896 1101 iudicasse,
930 1068 1020 1095 cum
1042 1054 1335 1106 receptaculum
1358 1052 1471 1104 fugae

52 1113 285 1153 Privernum
306 1113 498 1160 habuerit,
520 1125 601 1152 non
622 1112 786 1164 patriam
804 1113 976 1152 Fundos.
1008 1111 1183 1152 Priverni
1200 1111 1319 1163 igitur
1338 1110 1472 1149 hostes

52 1171 186 1222 populi
207 1170 373 1210 Romani
394 1170 642 1222 quaerendos
664 1169 1038 1221 persequendosque
1071 1182 1177 1216 esse,
1209 1169 1275 1220 qui
1306 1167 1425 1207 simul
1454 1179 1474 1206 a

53 1228 254 1267 Fundanis
283 1240 325 1267 ac
346 1227 532 1267 Romanis
563 1227 770 1279 utriusque
799 1226 943 1277 patriae
966 1227 1204 1266 inmemores
1236 1225 1474 1265 defecerint:

54 1284 254 1325 Fundanis
278 1297 413 1336 pacem
435 1297 520 1324 esse
543 1289 580 1323 et
601 1284 751 1323 animos
774 1284 973 1323 Romanos
1004 1290 1041 1323 et
1070 1288 1217 1335 gratam
1241 1281 1474 1321 memoriam

53 1347 228 1393 acceptae
251 1341 426 1380 civitatis.
470 1353 580 1380 orare
604 1354 645 1380 se
669 1340 882 1386 consulem,
906 1346 948 1379 ut
971 1341 1116 1380 bellum
1139 1340 1186 1378 al)
1209 1338 1368 1378 innoxio
1400 1350 1473 1389 po-

53 1398 145 1449 pulo
167 1398 385 1437 abstineat:
415 1411 528 1449 agros
564 1398 701 1438 urbem
733 1409 894 1448 corpora
917 1398 1091 1449 ipsorum
1117 1397 1409 1448 coniugumque
1433 1408 1476 1434 ac

52 1454 264 1494 liberorum
294 1467 459 1494 suorum
492 1455 532 1494 in
565 1459 759 1506 potestate
790 1454 925 1505 populi
946 1454 1114 1494 Romani
1139 1467 1226 1493 esse
1246 1454 1472 1504 futuraque.

52 1511 292 1552 conlaudatis
309 1511 507 1551 Fundanis
531 1513 667 1551 consul
687 1511 908 1562 litterisque
924 1512 1090 1552 Romam
1113 1511 1256 1557 missis,
1280 1511 1320 1549 in
1342 1509 1469 1549 officio

52 1569 263 1608 Fundanos
286 1581 383 1615 esse,
413 1570 461 1609 ad
484 1569 718 1609 Privernum
749 1568 857 1607 flexit
883 1569 973 1608 iter.
1015 1569 1125 1621 prius
1153 1567 1474 1608 animadversum

52 1626 91 1665 in
113 1639 192 1673 eos,
223 1626 290 1679 qui
318 1627 440 1678 capita
463 1626 744 1666 coniurationis
767 1626 941 1673 fuerant,
972 1640 992 1666 a
1015 1626 1176 1666 consule
1206 1625 1339 1665 scribit
1361 1624 1476 1664 Clau-

54 1683 162 1730 dius;
190 1684 237 1723 ad
268 1689 464 1724 trecentos
494 1684 776 1737 quinquaginta
807 1696 854 1722 ex
883 1684 1097 1724 coniuratis
1130 1683 1276 1722 vinctos
1306 1682 1472 1721 Romam

50 1827 174 1869 petere.
200 1843 242 1847 -
269 1825 326 1856 vim
352 1827 429 1866 tota,
456 1835 483 1856 s.
503 1825 532 1866 3,
552 1826 605 1867 (50,
624 1826 654 1856 5).
681 1842 724 1847 -—

52 1873 150 1911 retro,
170 1870 359 1902 attributiv.
388 1890 429 1893 —
454 1873 485 1902 et
502 1872 565 1902 und
585 1881 653 1910 nec,
679 1872 725 1902 tta

54 1916 119 1948 und
147 1919 185 1948 ut
213 1916 503 1959 correspondiren.
538 1935 582 1939 —
613 1916 724 1958 fugae

52 1964 151 2001 eoecn„
178 1961 237 1994 der
262 1962 388 1994 zuletzt
414 1961 630 2002 Fliehenden,
656 1961 722 2002 vgl.

57 2007 110 2049 23,
130 2007 183 2048 25,
202 2008 238 2042 7:
267 2008 319 2050 28,
340 2007 392 2048 25,
412 2007 449 2046 33
478 2007 508 2047 3,
530 2008 582 2049 19,
601 2009 619 2039 5
646 2019 676 2039 u.
694 2017 723 2038 a.

55 2072 97 2077 —
111 2053 279 2093 Plautius,
297 2053 390 2086 scine
408 2052 561 2086 Ankunst
577 2054 623 2086 ist
634 2053 726 2085 nicht

55 2099 236 2132 besonders
255 2099 419 2132 erwiihut.
446 2117 490 2122 --
515 2102 634 2139 senat„
661 2097 725 2130 Ge-

54 2145 279 2186 meinderath3
293 2144 426 2189 popule,
446 2157 473 2177 c.
489 2145 542 2185 37,
561 2145 598 2181 9:
624 2145 673 2183 14,
689 2145 724 2175 4:

53 2191 196 2234 publica.
215 2211 256 2215 —
275 2193 413 2231 sectam,
443 2201 469 2223 s.
490 2191 543 2232 29,
562 2191 615 2231 27,
634 2190 664 2222 2.
683 2209 724 2213 —

57 2235 232 2278 iudicasse,
261 2237 325 2269 wie
351 2247 425 2268 man
450 2247 509 2268 aus
527 2237 599 2268 dem
624 2237 724 2268 sehen

57 2282 173 2324 konne,
192 2293 260 2315 was
279 2293 316 2315 er
333 2283 453 2323 gethan
471 2282 564 2315 habe.
577 2300 619 2304 —
634 2281 726 2314 Fun*

57 2326 115 2360 dos
132 2329 262 2361 scheint
280 2328 481 2361 absichtlich
497 2327 726 2370 hinzugel'iigt,

57 2373 98 2405 da
115 2374 266 2415 sogleich
285 2374 371 2414 folgt
393 2375 564 2416 utriusque
581 2375 725 2417 patriae,

56 2418 97 2451 da
114 2419 164 2452 sie
182 2419 359 2452 Fundaner
384 2419 449 2451 und
467 2419 590 2452 Riimer
610 2420 726 2460 (daher

56 2466 186 2498 animos
204 2465 382 2504 Romanos)
401 2465 506 2505 seien,
525 2465 725 2505 s.e.17,123

60 2511 88 2550 5,
106 2511 137 2542 6.
156 2529 197 2534 -—-
211 2513 351 2554 gratam
369 2521 480 2551 mem„
507 2511 591 2543 doch
613 2521 726 2543 waren

61 2557 142 2588 nach
159 2555 179 2598 ξ
202 2555 270 2588 13f.
290 2558 349 2589 der
366 2554 481 2588 Abfall
505 2557 571 2588 und
589 2556 643 2588 die
661 2555 727 2589 Un-

60 2599 304 2634 zufriedenheit
321 2602 382 2633 mit
399 2602 472 2633 dem
491 2612 554 2634 von
572 2601 609 2633 L.
626 2612 652 2634 c.
677 2603 726 2640 14,

64 2647 101 2678 10
119 2647 168 2678 als
182 2646 374 2687 Belohnung
392 2646 629 2678 bezeichneten
641 2646 726 2679 Ver—

799 1825 964 1858 hi‘iltnisse
986 1824 1079 1856 nicht
1096 1823 1338 1864 abzuliiugnen.

849 1870 989 1904 12—14.
1015 1880 1118 1912 agros
1127 1874 1192 1901 etc.
1207 1868 1473 1911 Umschreibung

799 1917 857 1949 der
875 1915 1016 1957 deditio,
1035 1926 1062 1947 s.
1080 1916 1109 1953 7,
1124 1915 1177 1955 31,
1192 1915 1223 1956 4,
1243 1915 1369 1947 welche
1386 1915 1471 1947 viel-

799 1962 903 1995 leicht
920 1961 1004 1994 nach
1022 1961 1081 1994 der
1099 1960 1120 2003 ξ
1134 1961 1174 1993 14
1192 1961 1386 1993 erwiihnten
1404 1960 1474 1993 Zu-

800 2007 1047 2049 riickweisung,
1066 2017 1092 2039 s.
1112 2018 1140 2038 c.
1160 2007 1190 2047 2,
1210 2007 1241 2046 S,
1263 2004 1389 2047 erfolgt
1406 2007 1471 2046 ist3

799 2053 1084 2086 wahrscheinlieh
1097 2052 1223 2085 erhielt
1235 2051 1357 2093 Fundi,
1372 2053 1472 2085 nach-

799 2100 872 2132 dem
889 2110 924 2131 es
943 2098 1085 2131 besti-ast
1101 2108 1184 2141 war,
1202 2098 1222 2141 ξ
1246 2098 1296 2140 13,
1321 2098 1374 2130 die
1392 2099 1471 2131 civi-

798 2148 852 2177 tas
868 2147 940 2177 sine
956 2145 1127 2188 suffragio
1151 2144 1217 2176 und
1240 2144 1355 2176 wurde
1372 2150 1473 2177 unter-

799 2191 852 2223 die
862 2191 1086 2223 Jurisdiction
1097 2190 1155 2222 des
1164 2189 1324 2222 Praetor-s
1344 2190 1378 2221 in
1390 2188 1471 2222 Rom

799 2237 949 2278 gestellt,
976 2247 1002 2268 s.
1022 2236 1145 2268 Festus
1171 2247 1200 2279 p.
1222 2236 1302 2268 233:
1328 2245 1472 2277 quarum

800 2282 1121 2325 (praefecturarmn)
1140 2281 1205 2314 duo
1219 2300 1261 2304 -
1272 2292 1401 2325 genera
1413 2282 1473 2324 fu-

798 2331 911 2369 eraut,
933 2328 1080 2360 alterum
1096 2346 1137 2350 ψ
1151 2327 1308 2368 alterum,
1333 2329 1366 2359 z'n
1392 2337 1475 2369 quas

800 2375 901 2414 ibant,
921 2384 1001 2416 quos
1015 2376 1149 2417 praetor
1165 2374 1318 2405 urbanus
1334 2375 1474 2414 quotan-

799 2422 852 2452 πίε
870 2421 903 2451 in
923 2431 1070 2462 quaeque
1087 2419 1158 2451 loca
1174 2421 1315 2452 miserat
1331 2418 1474 2461 legibus,

801 2468 836 2497 ut
857 2465 1003 2507 Fundos,
1030 2466 1200 2506 Fomm‘as,
1225 2464 1369 2507 Allzfizs,
1395 2464 1474 2495 Pri-

802 2520 951 2554 vernum,
991 2512 1208 2553 Anagniam,
1249 2510 1471 2543 Fra-sinonem

802 2561 876 2598 ete„
891 2567 917 2588 s.
929 2568 969 2589 zu
978 2568 1005 2589 c.
1021 2557 1069 2597 17,
1087 2556 1121 2588 12
1137 2567 1144 2590 ;
1163 2554 1345 2587 Mommsen
1357 2556 1366 2586 1
1378 2554 1471 2594 ,362.

800 2620 843 2624 -—
862 2604 971 2645 capita
986 2612 1086 2641 cone„
1107 2602 1137 2641 6,
1162 2602 1211 2640 10,
1232 2602 1261 2632 5.
1277 2618 1321 2623 -
1340 2598 1473 2631 Claudi-

802 2647 894 2685 us,6,
907 2648 957 2686 42,
969 2649 1006 2686 ῦς
1027 2646 1061 2678 1..
1075 2646 1205 2678 scheint
1223 2646 1288 2677 ihm
1306 2643 1474 2676 6661111161ἱ

1131 2713 1190 2747 115·ι

1498 486 1517 518 3

1500 599 1518 631 9

1502 882 1539 913 10

1504 1118 1536 1148 11

1506 1344 1541 1375 12

1507 1515 1543 1547 13

1507 1690 1542 1721 Η
