1763 2983
138 198 168 217 a..
188 189 238 217 Ch„
256 189 316 216 217.

614 189 740 223 LIBER
763 189 874 224 XXII.
901 190 993 224 CAP.
1031 192 1082 224 12.

1483 188 1563 231 179

141 307 281 346 agmen
309 294 472 334 ducebat
501 293 656 332 modico
687 293 734 332 ab
765 294 875 333 hoste
897 294 1111 341 intervallo,
1140 299 1182 333 ut
1211 305 1340 344 neque
1371 292 1564 332 omitteret

141 364 234 390 eum
258 363 387 402 neque
408 350 721 401 congrederetur.
762 351 906 398 castris,
935 351 1009 390 nisi
1033 355 1220 402 quantum
1241 362 1336 389 usus
1357 350 1565 389 necessarii

141 413 338 459 cogerent,
373 406 575 446 tenebatur
607 407 739 453 miles3
763 407 949 458 pabulum
972 413 1008 446 et
1035 408 1138 458 ligna
1160 419 1232 445 nec
1251 406 1362 458 pauci
1382 406 1564 457 petebant

142 477 215 503 nec
235 465 399 516 passim3
423 463 598 514 equitum
618 463 790 514 levisque
812 470 1027 503 armaturae
1048 465 1170 511 statio,
1192 463 1394 515 conposita
1412 463 1561 502 instru-
1580 461 1599 493 9

142 527 279 572 ctaque
307 521 347 559 in
378 519 527 559 subitos
552 520 755 567 tumultus,
786 527 823 559 et
849 533 920 559 suo
953 520 1061 558 militi
1088 525 1168 558 tuta
1197 520 1327 558 omnia
1357 525 1394 558 et
1421 519 1563 558 infesta

141 577 275 616 effusis
305 577 477 617 hostium
508 576 801 628 populatoribus
832 576 1060 628 praebebat;
1091 589 1219 627 neque
1250 576 1434 615 universo
1456 576 1561 627 peri-
1584 576 1623 609 10

140 634 229 672 culo
251 646 404 672 summa
427 646 559 672 rerum
582 633 905 680 committebatur,
927 639 964 672 et
983 646 1100 684 parva
1114 638 1310 672 momenta
1321 633 1465 671 levium
1475 645 1561 671 cer-

139 690 331 729 taminum
354 703 400 728 ex
426 696 509 729 tuto
532 696 762 740 coeptorum
784 690 946 729 finitimo
969 694 1128 741 receptu
1148 689 1460 728 adsuefaciebant
1480 695 1561 728 ter-

141 747 260 785 ritum
291 747 463 797 pristinis
494 747 665 785 cladibus
698 747 857 785 militem
888 747 1018 785 minus
1044 746 1120 784 iam
1143 746 1300 784 tandem
1320 751 1386 784 aut
1408 746 1559 784 virtutis

140 809 208 842 aut
228 805 407 842 fortunae
426 803 620 854 paenitere
642 816 746 842 suae.
778 803 845 842 sed
867 815 949 842 non
969 802 1224 841 Hannibalem
1244 802 1363 853 magis
1375 802 1562 841 infestum
1584 810 1622 842 11

140 866 219 899 tam
248 860 351 898 sanis
383 860 550 898 consiliis
582 860 745 899 habebat
773 872 890 910 quam
912 860 1140 910 magistrum
1161 859 1349 909 equitum,
1381 859 1448 909 qui
1468 859 1563 897 nihil

141 916 257 963 aliud,
289 929 406 967 quam
439 917 543 967 quod
574 917 686 967 inpar
717 922 797 955 erat
826 916 1004 967 imperio,
1035 928 1167 954 morae
1191 916 1237 954 ad
1261 928 1343 953 rem
1367 915 1561 966 publicam

139 973 467 1024 praecipitandam
488 973 662 1012 habebat.
699 975 809 1012 ferox
832 973 1070 1024 rapidusque
1091 972 1260 1011 consiliis
1283 984 1325 1010 ac
1346 972 1477 1023 lingua
1497 972 1560 1010 in-

140 1029 318 1068 modicus
350 1030 476 1080 primo
503 1030 604 1068 inter
623 1042 781 1080 paucos,
813 1030 902 1068 dein
924 1030 1124 1081 propalam
1144 1030 1183 1067 in
1207 1029 1346 1079 vulgus
1367 1041 1438 1079 pro
1461 1041 1561 1067 cun-
1584 1034 1623 1067 12

141 1092 285 1125 ctatore
311 1099 480 1137 segnem,
512 1099 584 1137 pro
617 1092 727 1125 cauto
752 1087 943 1133 timidum,
974 1086 1173 1136 adfingens
1198 1086 1322 1124 vicina
1352 1085 1560 1124 virtutibus

140 1143 240 1189 vitia,
280 1143 530 1193 conpellabat,
560 1144 856 1194 premendoque
887 1143 1141 1194 superiorem,
1173 1154 1271 1192 quae
1302 1142 1469 1192 pessima
1500 1154 1562 1181 ars

141 1199 257 1238 nimis
281 1201 479 1250 prosperis
505 1200 719 1239 multorum
740 1200 985 1239 successibus
1007 1200 1136 1245 crevit,
1159 1212 1242 1237 sese
1264 1198 1477 1237 extollebat.

134 1345 220 1385 sein,
249 1346 332 1376 doch
353 1355 470 1387 passen
494 1344 545 1376 die
566 1344 684 1377 VVorte
704 1345 817 1376 besser

140 1389 202 1422 auf
234 1391 294 1422 den
326 1391 485 1423 weltercn
511 1390 582 1431 Zug
607 1390 640 1422 in
667 1391 723 1422 das
750 1389 816 1422 Ge-

140 1436 212 1468 biet
237 1437 295 1468 der
318 1436 473 1478 Hirpiner
498 1447 524 1467 c.
547 1437 596 1473 13,
627 1438 653 1469 1.
679 1455 721 1458 -—
747 1448 817 1468 con-

137 1484 262 1524 yreder.
291 1494 320 1513 n.
354 1494 422 1514 cum
449 1494 492 1519 eo,
528 1482 606 1513 oder
631 1482 688 1513 das
715 1482 817 1513 wort

138 1528 185 1559 ist
207 1527 339 1559 absolut
359 1539 398 1559 zu
416 1529 561 1559 nahmen.
582 1545 626 1549 —
642 1539 720 1559 usas
740 1539 816 1568 aea,

138 1584 165 1605 s.
195 1577 225 1613 5,
252 1576 306 1613 47,
334 1575 369 1607 S:
395 1575 502 1605 usibus
535 1576 736 1615 necessariis3
762 1574 816 1613 38,

139 1620 196 1657 30,
224 1621 262 1660 ’ῖς
288 1621 340 1659 24,
371 1621 398 1659 1,
432 1621 469 1651 2:
494 1622 670 1650 necessaria
696 1620 815 1660 usibus,

141 1664 226 1694 nach
248 1664 319 1695 dem
351 1663 443 1704 Folg.
476 1664 557 1695 Holz
588 1665 653 1695 und
684 1663 814 1704 Futter,

142 1709 286 1740 welches
318 1709 491 1741 bisweilen
533 1709 645 1750 geholt
682 1710 816 1740 worden

142 1765 239 1793 muSS,
266 1765 307 1786 an
332 1755 472 1786 anderen
506 1754 698 1786 Vorriithen
730 1755 817 1785 kann

142 1809 176 1831 es
204 1800 295 1831 nicht
319 1799 444 1841 gefehlt
467 1800 584 1839 haben,
618 1799 695 1832 weil
727 1803 818 1831 sonst

144 1845 195 1877 die
214 1845 372 1878 Soldaten
399 1845 489 1877 nicht
504 1846 622 1877 hatten
648 1845 690 1876 im
709 1845 818 1886 Lager

140 1891 437 1947 zuriickgehalten
440 1891 574 1923 werden
589 1892 728 1931 konnen,
747 1902 766 1922 v
771 1891 815 1932 gl

141 1936 211 1968 Pol.
229 1947 256 1968 c.
276 1939 329 1977 90,
345 1939 383 1970 2ε
401 1938 496 1991 ἔχων
525 1936 565 1969 δὲ
589 1948 680 1968 κατα
698 1932 815 1969 ιώτου

141 1981 207 2019 τὰς
220 1985 400 2036 χορηγίας
413 1980 617 2035 ciq2962v50L5
637 1980 817 2016 ουδέποτε

142 2025 665 2083 τοιςσῑρατιώταςήφέιπροι
670 2024 818 2073 ομεύειν

143 2071 229 2105 οἶδὲ
247 2075 469 2126 χωρίζω-θαι
481 2071 547 2106 252
562 2070 687 2112 ἅπαξ
699 2074 736 2107 ἐκ
751 2075 818 2107 τοῦ

140 2129 315 2163 χαρακος,
327 2115 502 2174 ἀθρόοις
519 2115 549 2151 ὃ
581 2130 635 2152 (εει
657 2121 717 2152 καὶ
735 2129 816 2152 σιι

143 2165 419 2216 εσῑραυαεποις
476 2165 592 2209 τηρῶν
640 2160 815 2209 ἐφήδρειε

142 2211 219 2246 τοῖς
249 2207 379 2246 τόποις
402 2211 461 2242 κ(ὶ
487 2212 634 2250 καιροῖς.

194 2256 242 2287 10.
257 2267 395 2287 ammas
399 2267 446 2295 μ,
461 2255 533 2286 eine
547 2256 814 2297 Hauptschlacht,

142 2300 175 2331 in
202 2300 260 2331 dei·
283 2300 375 2332 Alles
411 2291 469 2332 auf
491 2301 548 2332 das
573 2300 661 2342 Spiel
689 2306 816 2341 gesetzt

142 2345 238 2385 wird,
258 2345 327 2377 Pol.
354 2347 404 2384 εἷς
429 2343 602 2391 ὁλοσχερῆ
626 2348 765 2391 κρίσιν,·
791 2358 815 2379 s.

146 2393 175 2430 1,
194 2392 248 2431 38,
267 2394 305 2432 43
325 2394 356 2432 4,
375 2394 428 2433 27,
448 2395 484 2425 5:
503 2395 651 2424 universa
665 2394 817 2432 vz'ctorz'a;

143 2437 199 2476 22,
228 2438 281 2477 32,
308 2439 338 2478 23
366 2437 407 2469 ib.
439 2439 489 2478 19,
519 2440 555 2471 6:
580 2440 726 2469 mn‘verso
752 2444 816 2469 ter-

145 2493 236 2521 νοτ-ε,-
268 2484 321 2523 23,
352 2485 402 2521 16,
430 2485 461 2517 4.
488 2502 532 2506 -
550 2495 655 2522 parva
679 2494 720 2514 m.
742 2487 815 2523 etc„

144 2527 390 2561 unbedeutende
425 2528 566 2569 T1·effen,
606 2528 656 2560 die
699 2528 816 2560 kcinen

144 2572 325 2615 Ausschlag
357 2574 478 2615 gaben:
512 2576 565 2613 21,
603 2576 656 2613 43,
696 2575 743 2606 11.
774 2592 817 2596 —

143 2629 181 2650 ex
204 2625 280 2660 tuto,
307 2630 333 2651 e.
374 2622 423 2660 15,
452 2622 488 2659 5;
523 2622 575 2659 26,
615 2621 668 2659 33,
696 2620 733 2660 63
762 2621 815 2660 30,

890 1347 941 1385 11,
968 1346 998 1379 6.
1024 1347 1086 1377 iam
1103 1347 1240 1385 candem,
1266 1343 1398 1375 endlich
1422 1344 1564 1387 einmal3

887 1390 986 1432 Verg.
1006 1390 1087 1422 Aen.
1106 1392 1137 1430 6,
1165 1392 1225 1423 61:
1251 1392 1315 1421 iam
1343 1392 1467 1422 tandem
1492 1392 1564 1422 Ita-

887 1439 946 1468 liae
966 1455 1010 1459 -
1020 1439 1210 1476 prendimus
1234 1447 1316 1467 oras.
1335 1454 1377 1458 —
1388 1438 1563 1476 paenitere,

888 1483 918 1521 3,
945 1484 975 1523 2,
995 1485 1033 1523 43
1062 1483 1146 1513 doch
1170 1482 1258 1512 kann
1282 1484 1410 1513 militem
1435 1481 1564 1513 sowohl

886 1539 926 1559 zu
951 1528 1154 1568 adsuefacere
1178 1527 1228 1558 als
1255 1537 1295 1558 zu
1314 1529 1479 1567 paenitere
1503 1537 1562 1568 ge-

886 1583 989 1613 zogen
1030 1573 1181 1613 werden,
1220 1571 1280 1603 auf
1318 1573 1375 1604 das
1414 1572 1563 1614 logische

886 1618 1023 1659 Subjcct
1047 1621 1137 1651 milit.
1162 1618 1294 1649 bezieht
1324 1618 1395 1650 sich
1426 1630 1511 1659 suae,
1537 1629 1562 1651 S.

888 1666 918 1704 6,
947 1666 1001 1704 23,
1030 1666 1049 1697 9
1076 1676 1105 1696 u.
1131 1674 1160 1695 a.

937 1712 1078 1742 11—12.
1110 1712 1166 1742 sed
1188 1719 1251 1740 non
1281 1712 1360 1740 etc.:

887 1755 1073 1787 besonnene
1092 1753 1279 1787 Verfahren
1312 1755 1367 1785 des
1392 1754 1562 1786 Dictators

888 1799 965 1832 fand
990 1812 1043 1832 am
1067 1800 1337 1832 Reiterobersten
1361 1799 1452 1831 nicht
1478 1799 1563 1831 min-

888 1847 946 1878 der
977 1846 1026 1878 als
1062 1857 1102 1878 an
1128 1846 1163 1877 H.
1192 1845 1287 1877 einen
1313 1844 1465 1886 Gegner’,
1491 1845 1563 1877 N'a-

887 1892 988 1933 gelsb.
1017 1910 1060 1914 -—
1085 1895 1181 1932 inpar
1205 1903 1228 1923 e.
1254 1903 1289 1931 c.,
1315 1901 1376 1922 nur
1403 1891 1461 1922 der
1486 1890 1563 1923 Um-

886 1939 983 1969 stand
1009 1938 1083 1969 dass
1103 1949 1133 1968 11.
1159 1948 1183 1969 5.
1210 1945 1274 1979 w,
1298 1937 1381 1968 deun
1405 1937 1463 1968 der
1489 1936 1562 1968 Ma-

886 1983 991 2024 gister
1014 1993 1061 2025 eq.
1081 1984 1141 2014 hat
1163 1993 1254 2014 zwar
1276 1983 1358 2013 auch
1384 1982 1436 2013 cin
1460 1982 1563 2025 impe-

885 2029 980 2069 rium,
1009 2029 1088 2061 aber
1113 2028 1166 2060 ein
1192 2028 1497 2069 untergeordnetes,
1531 2029 1563 2068 8,

887 2076 941 2113 31,
972 2077 998 2108 1.
1017 2093 1060 2097 -
1078 2086 1193 2114 morae,
1213 2085 1237 2105 5.
1264 2076 1317 2113 21,
1344 2075 1397 2111 45,
1425 2075 1463 2113 93
1490 2074 1563 2105 hier

885 2120 966 2152 weit
985 2131 1049 2152 von
1066 2123 1150 2152 m'lzz‘l
1167 2118 1324 2159 entfernt,
1349 2130 1374 2150 s.
1406 2129 1432 2150 c.
1450 2120 1505 2159 23,
1523 2121 1562 2159 9;

886 2168 940 2206 36,
970 2168 999 2205 6,
1028 2168 1057 2199 S.
1078 2166 1231 2207 —ferox
1256 2169 1319 2198 etc.
1345 2165 1478 2196 enthiilt
1502 2165 1563 2197 den

887 2211 999 2243 Grund
1024 2222 1095 2243 zum
1120 2211 1233 2251 Folg.;
1260 2211 1326 2251 vgl.
1363 2212 1417 2250 21,
1444 2212 1497 2250 54,
1525 2212 1563 2252 ὃς

885 2268 944 2288 Ζ111·
969 2257 1074 2289 Sache
1099 2256 1168 2289 Pol.
1199 2267 1224 2288 e.
1251 2259 1305 2295 90,
1332 2257 1361 2288 6.
1380 2274 1422 2278 ——
1439 2258 1561 2297 linqua,

886 2314 937 2341 an,
965 2303 997 2333 in
1022 2302 1214 2339 Riicksicht‚
1236 2302 1303 2343 vgl.
1330 2303 1383 2341 21,
1423 2302 1476 2341 32,
1514 2303 1564 2334 10.

885 2367 929 2371 ——
952 2350 987 2380 in
1012 2351 1108 2390 vala,
1135 2359 1161 2379 c.
1188 2350 1219 2389 3,
1245 2350 1302 2387 143
1334 2348 1387 2381 30,
1408 2348 1444 2378 7:
1470 2349 1562 2388 vulqo

885 2397 1036 2426 militum:
1079 2405 1115 2425 so
1150 2394 1224 2425 dass
1258 2403 1291 2424 65
1320 2392 1405 2422 auch
1430 2391 1482 2423 die
1503 2402 1562 2432 ge-

886 2440 1013 2472 meinen
1031 2439 1190 2471 Soldaten
1214 2440 1341 2469 hiirten.
1370 2454 1413 2459 ——
1434 2448 1508 2476 pro,
1530 2439 1560 2478 3,

888 2487 940 2525 71,
969 2488 1006 2525 ῖς
1033 2487 1086 2525 22,
1122 2486 1175 2523 39,
1210 2486 1263 2516 20.
1288 2501 1331 2505 —
1358 2485 1560 2523 conpellabat,

886 2532 917 2569 9,
945 2532 997 2567 40,
1029 2532 1076 2563 17.
1103 2531 1377 2569 ——ffl-emendoq„
1404 2538 1428 2559 5.
1456 2531 1561 2569 c.‹·59,

890 2578 948 2609 10:
976 2587 1031 2608 nec
1040 2577 1212 2615 premendo
1233 2577 1331 2606 alium
1355 2585 1401 2605 me
1417 2577 1564 2607 extulisse

886 2623 985 2654 velim.
1006 2639 1050 2644 --
1067 2623 1257 2660 superiorem
1275 2633 1304 2652 n.
1323 2631 1363 2660 se,
1381 2630 1405 2651 S.
1421 2620 1450 2657 3,
1463 2621 1516 2661 37,
1531 2623 1562 2653 ἵ.

1286 2675 1352 2710 12*

1389 1708 1480 1740 ‘aber
1505 1709 1563 1740 das
1614 1703 1617 1706 ’
