1763 2983
250 213 299 253 18
713 211 834 246 LrBER
861 210 914 244 Vl.
953 210 1046 244 CAP.
1072 211 1104 245 7.
1131 211 1161 244 8.
1506 218 1531 237 ι.
1550 218 1578 235 u.
1599 211 1659 236 ses.

246 314 409 359 auditas,
442 327 530 352 eum
561 313 736 353 centenis
768 312 948 352 hostibus
979 312 1151 362 singulos
1184 316 1442 364 pugnaturos,
1480 317 1518 350 et
1547 323 1658 362 aegre

249 371 439 410 inermem
459 376 605 410 tantam
624 369 928 417 multitudinem,
952 369 1094 408 nedum
1117 374 1303 408 armatam
1326 368 1511 408 sustineri
1533 379 1660 419 posse,

198 434 216 464 8
249 429 288 466 in
310 440 456 480 equum
480 427 599 465 insilit
619 432 657 464 et
677 431 767 465 ante
784 426 892 477 signa
910 426 1100 465 obversus
1119 426 1157 464 in
1174 425 1309 472 aciem,
1333 425 1491 464 ordines
1514 425 1661 463 intere-

247 485 423 536 quitans:
443 496 568 535 „quae
587 483 755 530 tristitia,
775 483 930 530 milites,
949 483 1054 530 haec,
1072 495 1171 534 quae
1189 482 1347 521 insolita
1358 481 1552 521 cunctatio
1570 478 1660 519 est?

249 542 421 587 hostem,
453 552 502 578 an
532 552 613 587 me,
645 551 693 578 au
725 552 792 579 vos
821 537 1038 590 ignoratis?
1069 539 1195 578 hostis
1227 544 1285 578 est
1306 538 1398 591 quid
1420 538 1520 578 aliud
1542 549 1660 589 quani

197 606 217 637 4
248 603 435 649 perpetua
453 597 611 635 materia
629 596 781 635 virtutis
797 596 1020 648 gloriaeque
1033 593 1216 636 vestrae?
1235 609 1302 635 vos
1319 600 1453 635 contra
1470 607 1533 634 me
1551 595 1661 640 duce,

248 660 291 693 ut
311 654 481 693 Falerios
502 653 697 704 Veiosque
719 658 851 705 captos
872 658 911 692 et
931 653 971 692 in
994 658 1103 704 capta
1124 652 1248 704 patria
1270 653 1468 692 Gallorum
1488 651 1662 702 legiones

247 723 375 750 caesas
394 716 554 756 taceam,
573 710 690 748 modo
707 710 936 760 trigeminae
946 710 1126 749 victoriae
1143 709 1336 761 triplicem
1352 709 1599 760 triumphum
1617 720 1663 746 ex

200 777 217 807 5
248 768 307 807 his
336 767 431 818 ipsis
454 766 600 805 Volscis
630 772 669 805 et
696 767 841 818 Aequis
872 772 911 806 et
941 780 986 806 ex
1006 766 1163 806 Etruria
1186 767 1331 818 egistis.
1383 778 1431 805 an
1454 779 1536 813 me,
1559 764 1662 817 quod

249 836 329 864 non
351 824 513 862 dictator
536 823 644 862 vohis
665 824 733 863 sed
755 823 936 863 tribunus
958 823 1113 874 signum
1136 823 1237 871 dedi,
1260 835 1342 863 non
1363 822 1572 874 agnoscitis
1590 822 1664 861 du-

249 878 366 921 cem?
396 892 524 932 neque
547 893 616 931 ego
639 880 807 920 maxima
828 880 989 932 imperia
1009 881 1050 919 in
1073 893 1141 920 vos
1163 880 1365 927 desidero,
1390 885 1429 919 et
1448 893 1516 919 vos
1538 879 1578 918 in
1602 892 1663 918 me

250 938 345 982 nihil
367 942 521 988 praeter
542 950 605 976 me
622 937 752 989 ipsum
770 937 915 977 intueri
933 938 1064 977 decet:
1090 949 1219 990 neque
1238 937 1343 977 euim
1362 937 1551 977 dictatura
1568 935 1664 975 mihi

200 1005 220 1035 6
250 1006 437 1046 umquam
459 993 611 1033 animos
629 994 732 1041 fecit,
757 1000 864 1033 utne
883 994 1040 1033 exilium
1059 994 1218 1046 quidem
1235 994 1393 1033 ademit.
1416 994 1531 1033 iidem
1549 993 1666 1044 igitur

250 1062 388 1090 omnes
419 1063 568 1097 sumus
601 1056 639 1090 et
669 1063 758 1090 cum
791 1051 926 1090 eadem
956 1051 1087 1090 omnia
1110 1051 1148 1090 in
1170 1052 1244 1090 hoc
1264 1051 1407 1090 bellum
1430 1051 1664 1094 adferamus,

249 1120 346 1159 quae
379 1108 416 1146 in
447 1108 575 1159 priora
605 1108 821 1155 attulimus,
853 1108 1025 1148 eundem
1058 1113 1242 1147 eventum
1276 1106 1367 1146 belli
1400 1113 1664 1159 expectemus.

249 1164 364 1204 simul
386 1164 683 1211 concurreritis,
716 1165 821 1215 quod
851 1164 1018 1216 quisque
1048 1164 1182 1203 didicit
1211 1177 1253 1204 ac
1280 1164 1497 1211 consuevit,
1530 1163 1664 1203 saciet:

251 1234 318 1261 vos
342 1221 520 1268 vincetis,
543 1221 596 1260 illi
618 1221 809 1272 fugient.“

199 1279 226 1318 8
365 1277 459 1317 Dato
481 1277 624 1317 deinde
645 1277 754 1328 signo
777 1289 823 1316 ex
845 1289 945 1328 equo
968 1276 1097 1316 desilit
1125 1282 1163 1316 et
1192 1276 1415 1328 proximum
1438 1277 1666 1328 signiferum

252 1345 370 1373 manu
392 1340 591 1386 arreptum
614 1346 746 1373 secum
770 1334 808 1373 in
833 1335 986 1372 hostem
1008 1333 1107 1384 rapit
1129 1333 1269 1381 „insen
1294 1332 1444 1380 miles,⁴‘
1466 1333 1667 1372 clamitans

203 1396 221 1426 2
252 1390 473 1441 „signum.“
506 1391 609 1442 quod
626 1390 692 1430 ubi
710 1390 837 1429 videre
854 1391 982 1441 ipsum
1001 1389 1215 1438 Camillum,
1238 1390 1315 1430 iam
1336 1390 1382 1429 ad
1401 1402 1564 1430 munera
1581 1402 1668 1428 cor-

252 1447 354 1498 poris
375 1453 530 1486 senecta
553 1447 777 1495 invalidum,
808 1447 1015 1486 vadentem
1036 1446 1076 1486 in
1097 1446 1242 1494 hostes,
1265 1452 1503 1498 procurrunt
1524 1446 1669 1498 pariter

252 1514 389 1542 omnes
411 1503 578 1542 elamore
601 1503 753 1543 sublato
785 1515 978 1555 „sequere
1008 1503 1312 1555 imperatorem⁴‘
1345 1515 1417 1556 pro
1438 1516 1480 1542 se
1501 1503 1668 1555 quisque

255 1678 373 1715 lantes,
391 1684 460 1706 was
478 1674 510 1705 in
530 1674 644 1706 dieser
660 1673 852 1714 Bedeutung
869 1683 925 1713 ge-

256 1720 463 1752 wiihnlieher
486 1719 542 1751 ist.
569 1737 612 1742 —
636 1730 708 1751 esse
725 1737 767 1742 --
784 1729 866 1759 esse,
893 1720 925 1760 3,

256 1768 287 1805 5,
307 1766 354 1797 14.
374 1783 416 1789 -
434 1769 512 1797 ante
526 1766 628 1806 sig-na
643 1770 696 1797 ete
713 1789 720 1805 ,
735 1765 800 1804 die,
816 1764 925 1796 wahr-

257 1810 442 1842 seheinlich
456 1820 520 1843 von
531 1810 691 1842 Camillus
703 1808 925 1851 eingefiihrte,

259 1854 595 1897 Manipularstellung
606 1855 691 1887 wird
701 1855 776 1887 hier
785 1865 926 1888 voraus·

259 1904 406 1942 gesetzt3
440 1912 477 1933 er
502 1901 632 1942 sprieht
658 1905 773 1933 zuerst
798 1911 837 1932 zu
863 1900 924 1932 den

259 1946 489 1987 antesignani,
526 1957 588 1978 vor
619 1947 743 1986 denen,
779 1947 839 1978 ehe
871 1946 925 1978 die

261 1991 418 2023 Schlaeht
436 1991 574 2034 begann,
593 1992 665 2025 ihre
680 1991 813 2023 Fahuen
832 1996 925 2023 stan-

260 2037 334 2075 den,
359 2037 444 2068 daun
471 2048 510 2069 zu
537 2037 599 2069 den
625 2037 802 2078 folgenden
829 2035 925 2069 Glie-

261 2082 343 2112 dern
361 2081 507 2122 (ordines
524 2085 682 2125 interea),
701 2093 727 2114 s.
746 2083 778 2123 S,
797 2082 827 2114 8.
853 2082 926 2115 Von

261 2128 333 2159 dem
356 2128 563 2169 Asyndet0n‚
589 2129 744 2161 obversas
763 2146 805 2151 —-
824 2129 925 2160 inter-

260 2173 428 2214 equitans,
464 2173 569 2206 liuden
597 2174 666 2205 sich
693 2183 785 2205 zwar
815 2173 926 2214 einige

263 2217 440 2261 Beispiele,
460 2218 489 2257 2,
508 2220 561 2259 46,
576 2219 613 2257 43
641 2220 672 2260 8,
687 2219 740 2259 39,
763 2219 798 2257 23
826 2219 857 2259 4,
873 2220 926 2259 41,

262 2263 301 2303 43
328 2264 381 2303 29,
407 2264 437 2303 7,
461 2264 492 2303 6,
518 2265 601 2295 doch
625 2264 670 2295 ist
693 2264 873 2296 vielleieht
897 2275 926 2296 a.

262 2319 292 2340 u.
307 2308 355 2339 St.
382 2308 514 2340 ordines
528 2308 604 2340 inde
618 2311 752 2350 inter-eq.
768 2320 809 2340 zu
823 2309 926 2342 lesen.

260 2371 302 2376 —-
314 2363 398 2395 quae
406 2356 447 2386 tr.
460 2364 502 2385 m.
515 2355 603 2395 haee,
617 2355 828 2394 gewijhnlich
839 2355 928 2387 steht

262 2399 295 2431 iu
320 2399 457 2431 solchen
480 2398 609 2440 Fragen
640 2399 699 2431 der
722 2399 927 2432 Verwunde-

262 2455 347 2485 rung
371 2444 454 2476 iiber
471 2449 578 2476 etwas
597 2443 849 2477 Unerwartetes
867 2446 926 2477 das

262 2489 432 2521 Substant.
445 2489 528 2521 nach
541 2489 603 2521 den
615 2489 732 2522 beiden
742 2489 927 2522 Pronomen

262 2535 334 2576 (qui
354 2534 417 2575 late,
441 2536 513 2574 iste,
537 2533 614 2574 ille),
639 2544 666 2565 s.
685 2544 714 2566 e.
733 2535 788 2574 40,
810 2535 868 2572 18;
897 2536 927 2574 7,

262 2578 316 2619 34,
343 2578 398 2617 13ς
431 2579 484 2620 40,
504 2577 534 2618 8,
564 2579 592 2611 1.
630 2578 721 2610 Eben
744 2588 782 2611 so
808 2578 852 2611 ist
874 2580 928 2611 die

264 2621 516 2664 Wortstellung
540 2623 573 2655 in
596 2623 701 2655 hostis
724 2625 773 2655 est
790 2621 870 2665 quid
884 2623 925 2655 al.

998 1673 1264 1714 ungewo'hnlich.
1290 1691 1334 1696 —
1358 1673 1496 1714 hostem,
1523 1683 1566 1704 an
1591 1677 1667 1713 etc„

998 1719 1065 1759 vgl.
1081 1719 1135 1760 21,
1157 1720 1206 1759 10,
1221 1718 1252 1751 6.
1271 1736 1312 1742 —
1330 1720 1484 1759 materia,
1505 1718 1574 1752 Cic.
1593 1717 1665 1750 Mil.

1003 1764 1054 1805 13,
1069 1764 1110 1795 35
1123 1775 1130 1796 :
1150 1763 1309 1804 Clodium,
1325 1781 1368 1787 -—
1382 1767 1530 1806 segetem
1543 1774 1582 1796 ae
1595 1774 1667 1795 ma·

998 1811 1119 1841 leriam.
1141 1820 1224 1842 suae
1241 1809 1395 1851 gloriae,-
1415 1808 1493 1842 Tae.
1505 1808 1543 1842 H.
1559 1810 1592 1850 4,
1608 1809 1668 1840 76:

1002 1853 1111 1888 Gallos
1125 1855 1206 1897 quid
1215 1853 1316 1895 aliud,
1326 1865 1425 1897 quam
1433 1853 1589 1899 praedam
1607 1856 1670 1886 vie-

999 1900 1140 1933 toribus.

1044 1946 1158 1978 4—6.
1194 1945 1356 1986 Falerios,
1374 1947 1405 1987 5,
1424 1944 1476 1976 27.
1507 1944 1543 1977 V
1541 1947 1620 1987 aios,
1638 1945 1668 1986 5,

1000 1991 1053 2024 21.
1072 2009 1115 2015 ——
1141 1993 1249 2034 capta,
1268 1992 1298 2031 5,
1316 1992 1370 2023 49.
1388 2009 1431 2014 —
1455 1992 1668 2032 trigeminae,

999 2047 1026 2069 s.
1049 2037 1077 2078 1,
1096 2037 1150 2078 26,
1171 2037 1204 2069 1;
1230 2037 1418 2079 trigemina
1431 2035 1549 2079 spolia.
1566 2054 1612 2059 -—
1634 2038 1668 2067 et

999 2083 1080 2124 Aeq.
1100 2083 1184 2115 ohne
1202 2081 1402 2125 praeposit„
1425 2081 1505 2114 weil
1529 2081 1591 2122 sie,
1610 2081 1668 2112 ob·-

999 2128 1111 2169 gleieh
1135 2139 1165 2160 e.
1192 2127 1222 2169 2,
1244 2128 1283 2159 14
1312 2138 1377 2160 von
1406 2127 1468 2159 den
1498 2126 1666 2160 Volskern

999 2178 1168 2215 geu-eunt,
1182 2173 1266 2205 doch
1276 2172 1340 2205 wie
1354 2182 1390 2204 es
1406 2177 1501 2205 sonst
1514 2173 1668 2214 gewiihn-

999 2219 1065 2250 lieh
1091 2219 1151 2251 der
1176 2218 1252 2250 Fall
1276 2227 1365 2259 war,
1394 2218 1587 2251 verbunden
1610 2228 1666 2258 ge-

999 2264 1099 2296 dacht
1117 2264 1261 2296 werden.
1284 2281 1327 2287 —
1352 2265 1442 2305 sign.
1459 2262 1543 2303 dedi,
1561 2263 1620 2294 das
1638 2273 1664 2294 c.

1004 2309 1053 2349 12,
1072 2309 1090 2340 7
1110 2309 1344 2349 bezeichnete3
1363 2320 1391 2341 e.
1409 2309 1440 2350 8,
1460 2310 1472 2342 1
1489 2309 1547 2340 das
1565 2308 1668 2339 durch

999 2354 1053 2386 die
1068 2354 1146 2387 tuba
1165 2354 1370 2395 (classicum)
1385 2364 1457 2386 zum
1471 2353 1613 2395 Angriff.
1626 2371 1667 2375 —-

999 2399 1108 2441 iidem,
1126 2401 1181 2441 40,
1199 2400 1252 2441 27,
1271 2401 1326 2433 15:
1345 2399 1485 2440 eosdem,
1498 2401 1558 2441 qui
1570 2402 1668 2431 antea

990 2446 1265 2487 sum'nt,-esse.
1281 2463 1325 2468 —
1341 2446 1488 2487 quisque,
1506 2445 1537 2484 21,
1549 2444 1602 2484 43,
1616 2446 1665 2477 11.

1045 2484 1086 2523 8.
1124 2491 1195 2523 2-
1209 2491 1239 2523 6.
1278 2490 1421 2523 elamore
1436 2489 1520 2522 subt.
1544 2489 1590 2521 ist
1608 2489 1667 2521 das

999 2535 1229 2576 gewb'hnliehe
1263 2533 1563 2576 Hriegsgesehrei,
1602 2533 1667 2566 ela-

999 2583 1130 2612 mantes
1144 2581 1204 2613 der
1216 2579 1299 2613 eben
1313 2580 1484 2612 erwiihnte
1498 2577 1613 2611 Zuruf.
1625 2595 1667 2600 —-

999 2627 1146 2666 senecta,
1162 2625 1192 2666 2,
1207 2624 1261 2666 40,
1277 2625 1307 2657 6.
1326 2641 1363 2647 --
1379 2625 1523 2668 pariter,
1540 2622 1667 2665 gleich-
