1763 2983
230 281 268 313 14

220 506 270 544 14

248 627 265 649 ⁴)

247 649 265 658 -ι

248 743 267 773 3

740 169 865 202 LIBER
891 169 937 203 X.
979 168 1072 202 CAP.
1101 169 1150 203 13.
1182 170 1234 203 14.
1482 177 1506 196 a.
1526 178 1552 196 ιι.
1572 169 1635 197 456.
1655 170 1716 196 457.

297 173 378 212 404

296 274 338 312 Ρ.
363 273 523 311 Decium
546 272 725 311 consules
747 272 890 311 dixere.
920 295 976 300 —
1008 271 1063 310 Eo
1092 283 1194 311 anno
1217 272 1411 323 plerisque
1433 270 1517 311 dies
1546 270 1646 311 dicta
1666 271 1713 309 ab

292 329 493 376 aedilibus,
506 329 595 380 quia
613 329 699 380 plus
717 341 834 380 quam
854 330 958 381 quod
976 329 1057 381 lege
1076 329 1234 368 finitum
1253 334 1334 368 erat
1351 328 1431 379 agri
1447 327 1714 379 possiderent3

291 399 364 426 nec
381 387 589 438 quisquam
609 387 733 425 ferme
752 391 811 424 est
829 392 1027 438 purgatus,
1042 386 1321 437 vinculumque
1334 384 1715 437 ingensimmodicae

294 444 497 496 cupiditati
519 444 709 483 iniectum
731 448 802 482 est.

410 501 601 540 Consules
632 501 744 547 novi,
776 501 819 547 Q.
841 500 983 540 Fabius
1011 500 1202 539 Maximus
1233 505 1417 551 quartum
1446 504 1484 537 et
1513 498 1557 537 P.
1579 497 1717 537 Decius

293 559 377 597 Mus
401 559 573 605 tortium,
607 571 697 597 cum
719 558 819 596 inter
842 571 883 596 se
906 558 1115 608 agitarent,
1147 557 1202 596 uti
1237 556 1334 596 alter
1355 555 1551 595 Sanmites
1582 555 1716 594 hostes

297 616 395 654 alter
417 616 603 655 Etruscos
627 615 821 665 deligeret,
845 621 1092 666 quantaeque
1114 614 1154 652 in
1175 614 1274 652 hanc
1295 619 1360 653 aut
1381 613 1421 651 in
1439 613 1540 652 illan]
1559 612 1717 664 provin-

298 673 397 712 ciam
421 674 553 724 copiae
575 673 682 720 satis,
716 678 755 712 et
780 677 864 712 uter
884 672 930 711 ad
952 678 1087 710 utrum
1119 671 1267 710 bellum
1296 672 1374 710 dux
1400 671 1566 709 idoneus
1595 669 1717 719 magis

298 736 421 776 esset,
455 730 501 769 al)
532 730 663 768 Sutrio
697 735 735 767 et
763 729 909 780 Nepete
940 734 977 767 et
1004 728 1164 767 Faleriis
1193 728 1318 778 legati,
1350 733 1526 767 auctores
1556 725 1720 765 concilia

295 788 474 827 Etruriae
496 787 732 838 populorum
755 787 802 825 de
825 786 995 837 petenda
1017 798 1112 837 pace
1136 785 1282 832 haberi,
1306 790 1427 824 totam
1456 783 1545 823 belli
1574 784 1719 822 molem

297 845 336 884 in
367 845 573 883 Samnium
610 849 847 883 averterunt.
901 843 1066 894 profecti
1103 843 1304 888 consules,
1343 854 1420 894 quo
1458 840 1719 892 expeditiores

296 908 538 941 commeatus
562 907 694 940 essent
716 906 754 939 et
772 901 956 939 incertior
973 900 1109 946 hostis,
1128 913 1202 951 qua
1220 904 1429 939 venturum
1443 898 1590 937 bellum
1606 897 1719 944 foret,

294 959 440 998 Fabius
464 971 534 1010 per
556 958 763 1003 Soranum,
785 958 926 996 Decius
948 970 1019 1008 per
1040 957 1258 997 Sidicinum
1288 969 1425 1007 agrum
1452 955 1491 994 in
1515 955 1719 994 Samnium

294 1017 467 1067 legiones
491 1016 651 1054 ducunt.
696 1015 762 1052 uhi
786 1014 826 1052 in
848 1015 1024 1053 hostium
1046 1015 1144 1052 lines
1167 1019 1328 1053 ventum
1358 1019 1429 1059 est,
1459 1017 1628 1063 uterque
1648 1024 1721 1063 po-

295 1073 546 1125 pulabundus
570 1073 691 1111 ess'uso
715 1072 868 1122 agmine
890 1071 1046 1110 incedit.
1091 1071 1295 1122 explorant
1315 1077 1448 1110 tamen
1466 1070 1580 1110 latius
1603 1081 1720 1120 quam

295 1131 553 1181 populantur:
583 1129 698 1180 igitur
730 1140 809 1167 non
838 1128 1010 1167 fefellere
1043 1128 1089 1166 ad
1110 1128 1316 1167 Tifernum
1337 1128 1472 1166 hostes
1501 1127 1541 1166 in
1572 1126 1720 1165 occulta

296 1189 390 1227 valle
414 1187 608 1233 instructi,
633 1199 750 1237 quam
772 1185 971 1235 ingressos
995 1186 1193 1224 Romanos
1217 1184 1421 1236 superiore
1453 1197 1498 1223 ex
1519 1184 1604 1222 loco
1626 1183 1720 1222 ado-

293 1244 361 1283 riri
396 1244 596 1295 parabant.

294 1360 365 1392 also
385 1359 484 1391 keine
504 1358 829 1399 neueAbstinnnung
846 1368 969 1398 vorge-

293 1415 454 1437 nomnien.
490 1404 567 1436 Wie
593 1405 681 1436 viele
706 1404 888 1437 Conturien
916 1404 971 1435 be-

293 1452 375 1483 reits
409 1450 580 1490 gestinnut
619 1451 736 1487 haben,
778 1451 863 1482 l‘a'sst
900 1450 971 1482 sich

292 1497 386 1528 nicht
404 1496 583 1536 crkennen,
602 1496 682 1527 aber
700 1496 902 1528 scliwerlich
917 1496 970 1526 die

293 1542 477 1584 Mehrzahl,
493 1542 571 1573 weil
585 1547 679 1573 sonst
695 1542 817 1573 Decius
832 1542 884 1573 (lie
901 1540 972 1573 Ma-

289 1588 415 1630 jorit'zit
432 1589 526 1619 nicht
544 1588 637 1619 hatte
656 1588 814 1629 erlangen
830 1588 971 1628 konnen,

295 1634 362 1675 x‘gl.
382 1645 408 1665 c.
434 1634 483 1674 15,
503 1634 533 1665 7.

341 1680 391 1710 1¹4.
434 1680 610 1723 plerisque,
647 1680 726 1711 sehr
759 1678 864 1718 viele3
907 1678 971 1709 wie

294 1725 386 1756 nicht
420 1726 530 1757 selten
565 1726 667 1756 sehon
694 1724 746 1756 bei
773 1724 901 1755 Livius.
928 1741 972 1746 —

295 1770 365 1802 dies
389 1771 432 1812 (1.,
461 1773 492 1813 2,
522 1773 575 1810 35,
600 1771 639 1809 23
669 1781 731 1802 vor
748 1769 973 1801 Tributcoini-

295 1817 375 1848 tien.
395 1836 438 1839 —
452 1817 529 1860 plus
545 1827 643 1858 qaam
664 1821 741 1857 etc„
766 1820 819 1847 est
844 1815 889 1847 ist
914 1815 971 1846 das

295 1862 490 1895 Licinische
510 1861 634 1894 Gesetz
653 1861 810 1902 geiileint,
829 1872 854 1893 s.
874 1862 903 1903 6,
919 1860 971 1899 35,

296 1908 333 1948 ὃς
362 1909 392 1949 7,
424 1909 475 1950 16,
501 1910 531 1946 9,
559 1908 641 1939 iiber
666 1908 786 1939 desscn
804 1905 972 1938 Beobach-

296 1958 388 1994 tung,
414 1954 596 1986 besonders
625 1953 657 1984 in
675 1952 804 1984 Betrcll'
817 1953 873 1983 des
893 1962 973 1993 ager

296 1999 460 2041 publicus,
488 1999 634 2030 weshalb
660 2009 695 2030 cs
722 1998 804 2029 auch
826 1997 973 2041 posside-

297 2047 552 2083 1·entheisst,s.
575 2045 605 2085 2,
624 2045 679 2085 41,
703 2044 734 2081 2,
761 2044 811 2075 die
829 2044 972 2075 Aedilen

295 2101 336 2121 zu
351 2093 489 2123 wat-hen
508 2091 635 2127 hatten,
656 2090 722 2129 vgl.
743 2099 770 2120 e.
792 2090 846 2129 23,
866 2090 914 2122 13.
929 2107 973 2110 —

290 2137 383 2177 fim't.
402 2138 432 2177 9,
453 2137 506 2177 33,
525 2137 556 2177 4,
574 2135 640 2176 vgl.
661 2137 691 2175 3,
720 2136 770 2172 13,
790 2135 819 2167 S.
840 2153 883 2157 -—
903 2135 971 2165 vin-

294 2182 368 2221 cal„
392 2193 420 2224 s,
439 2194 466 2214 c.
486 2182 541 2222 41,
560 2184 596 2220 33
622 2182 652 2220 8,
679 2182 732 2222 28,
762 2181 792 2212 S.
811 2199 855 2203 —-
880 2181 972 2222 cupi-

293 2226 411 2269 (liduit,
437 2228 489 2259 die
516 2227 591 2258 Hss.
624 2226 730 2258 haben
759 2225 968 2269 cupididatt's,

293 2273 379 2304 (laun
396 2273 654 2314 iniisstejedoch
668 2272 917 2315 possessoribus
931 2281 971 2301 zu

296 2320 395 2350 nicet.
414 2320 559 2360 gedacht
578 2319 722 2349 werden.

345 2358 520 2398 14—18.
554 2362 661 2404 Hrieg
679 2363 711 2394 in
729 2363 908 2395 Samnium.

344 2411 440 2443 1---2.
463 2412 549 2441 inter
567 2421 603 2441 se
619 2421 686 2451 agn,
706 2409 788 2440 nach
806 2410 865 2440 der
882 2408 972 2440 Ana-

297 2456 386 2497 logie
417 2467 481 2487 von
515 2457 602 2487 inter
630 2467 665 2487 se
692 2465 888 2497 comparare
915 2464 972 2495 ge-

295 2507 382 2542 sagt,
402 2507 496 2534 sonst
514 2501 595 2532 wird
614 2503 757 2542 agitare,
779 2500 975 2541 iiberlegen,

296 2548 516 2587 verhandeln,
554 2547 644 2578 nicht
670 2546 774 2578 leicht
797 2546 859 2578 mit
887 2548 977 2577 inter

295 2603 329 2624 se
354 2594 434 2624 oder
460 2593 520 2625 init
547 2595 597 2625 ιιίὶ
613 2593 676 2624 und
704 2593 789 2623 daun
815 2592 910 2624 einer
926 2592 976 2623 in-

654 1242 797 1281 Fabius
834 1242 1114 1294 inpedimentis
1151 1242 1192 1281 in
1229 1243 1358 1281 locum
1394 1247 1523 1281 tutum
1560 1239 1721 1280 remotis

1046 1358 1198 1390 directen
1218 1357 1325 1399 Frage
1345 1359 1570 1400 (quantaeque
1586 1370 1628 1383 Ξ
1645 1356 1722 1398 agi-

1045 1407 1226 1446 tarenlque,
1252 1407 1397 1446 quantae
1414 1406 1491 1443 etc.)
1518 1402 1722 1435 verbunden.

1046 1450 1232 1490 Uebrigens
1258 1449 1429 1481 bestimmt
1454 1449 1513 1480 der
1538 1448 1640 1480 Senat
1669 1447 1722 1478 die

1046 1495 1237 1528 Provinzen
1252 1495 1318 1526 und
1334 1495 1388 1526 die
1404 1493 1570 1536 Truppen,
1589 1503 1651 1524 nur
1665 1493 1723 1524 das

1046 1542 1168 1573 letzte:
1192 1544 1223 1573 et
1249 1544 1322 1573 utet·
1348 1545 1411 1572 ete.
1438 1540 1484 1572 ist
1509 1538 1723 1580 Gegenstand

1045 1588 1104 1618 der
1123 1587 1340 1629 comparatio.
1359 1606 1401 1609 —
1419 1589 1496 1618 uter
1511 1585 1558 1616 ad
1577 1587 1662 1625 uir„
1683 1595 1723 1615 zu

1047 1633 1098 1671 26,
1119 1633 1167 1674 13,
1189 1634 1219 1665 6.
1237 1651 1279 1655 —
1297 1634 1461 1673 ‹mc-tores,
1479 1632 1510 1671 4,
1529 1632 1578 1670 13,
1596 1631 1652 1663 10:
1667 1630 1723 1661 da-

1046 1679 1150 1710 durch
1167 1679 1245 1710 dass
1264 1678 1313 1709 sie
1326 1678 1502 1717 meldeten,
1520 1677 1574 1707 die
1591 1675 1722 1707 sichcre

1047 1723 1233 1756 Nachricht
1264 1723 1434 1755 brachten.
1461 1741 1503 1745 —
1527 1721 1566 1754 de
1591 1724 1648 1764 pet
1679 1731 1723 1764 μ,

1048 1770 1101 1801 dic
1120 1770 1288 1801 Etrusker
1306 1769 1381 1800 sind
1400 1769 1483 1801 eben
1502 1778 1538 1799 so
1556 1767 1633 1799 hald
1650 1777 1722 1798 zum

1047 1815 1193 1847 Frieden
1226 1815 1373 1856 geneigt,
1415 1815 1466 1846 als
1499 1814 1542 1845 ini
1581 1812 1722 1853 vorigen

1047 1859 1185 1902 lii-iege.

1042 1924 1046 1928 -
1091 1908 1190 1938 4-6.
1233 1916 1307 1948 qua,
1331 1906 1365 1938 in
1390 1906 1537 1938 welcher
1558 1904 1722 1945 Richtung

1047 1963 1089 1983 zu
1114 1956 1283 1984 erwarten
1306 1962 1379 1983 war
1406 1953 1484 1984 dass
1511 1962 1540 1983 u.
1569 1960 1595 1982 s,
1618 1960 1660 1982 w.
1678 1967 1723 1972 —

1046 1997 1178 2039 Soram„
1192 1998 1296 2029 durch
1310 1998 1368 2029 das
1380 1996 1566 2029 Gebietder
1575 1995 1722 2029 Volsker

1045 2044 1077 2075 iu
1108 2044 1165 2075 das
1195 2044 1254 2074 der
1285 2043 1493 2083 Caracener3
1523 2041 1721 2081 Sidicinum,

1047 2089 1166 2120 weitcr
1197 2089 1326 2120 siidlich
1353 2089 1386 2120 in
1412 2090 1470 2120 das
1494 2089 1554 2120 der
1579 2086 1722 2120 Pentrer

1047 2135 1128 2166 oder
1153 2134 1330 2166 Caudiuer.
1364 2134 1426 2167 Die
1450 2134 1619 2166 Sidiciner
1646 2132 1721 2165 sind

1048 2181 1148 2212 sehon
1182 2180 1283 2221 lange
1325 2180 1386 2211 den
1422 2180 1566 2212 Riimern
1604 2183 1721 2210 unter-

1047 2225 1187 2266 worfen,
1207 2237 1231 2257 5.
1274 2226 1305 2266 8,
1348 2226 1386 2257 15
1396 2226 1428 2257 ff.
1470 2244 1513 2248 —
1551 2224 1718 2267 fefellere,

1046 2271 1205 2311 „blieben
1224 2271 1315 2303 nicht
1334 2269 1554 2312 ve1·borgen“,
1573 2270 1632 2302 mit
1649 2270 1720 2301 dem

1046 2321 1132 2359 part.
1166 2321 1293 2359 praet„
1323 2317 1390 2348 wie
1421 2321 1516 2349 sonst
1551 2315 1613 2348 mit
1648 2316 1719 2346 dein

1046 2367 1130 2404 part.
1158 2373 1266 2404 praes.
1294 2362 1500 2403 verbunden,
1530 2372 1556 2394 s.
1582 2362 1636 2402 23,
1668 2361 1719 2401 19,

1048 2408 1082 2440 11
1100 2418 1107 2445 3
1126 2408 1179 2446 29,
1200 2408 1250 2449 35,
1270 2408 1305 2439 2:
1330 2419 1370 2439 ne
1379 2408 1524 2450 falleret
1546 2407 1597 2438 bis
1615 2405 1719 2438 relata

1045 2453 1157 2485 eadem
1178 2464 1250 2492 1·es;
1271 2453 1326 2494 42,
1345 2453 1397 2493 64,
1418 2454 1448 2485 3.
1466 2472 1509 2476 -
1529 2451 1557 2486 T
1556 2453 1720 2495 (fernum,

1049 2500 1080 2539 9,
1097 2500 1151 2539 44,
1171 2500 1200 2531 6.
1215 2518 1258 2523 -—
1271 2509 1371 2540 quam
1384 2501 1474 2541 ingr.
1491 2514 1535 2526 =
1551 2501 1582 2530 et
1598 2499 1631 2529 si
1645 2508 1719 2529 eum

1050 2546 1200 2587 ingressi
1212 2545 1341 2586 forent.

1095 2591 1216 2622 Ί--1Ο.
1251 2591 1403 2632 remotis,
1423 2590 1504 2622 weil
1521 2600 1557 2622 es
1576 2587 1635 2621 auf
1648 2589 1719 2621 dem
