1763 2983
60 165 84 186 ι,
104 159 156 187 cn.
174 159 233 186 311.
541 159 667 193 LIBER
692 158 774 193 vni.
811 158 905 192 CAP.
931 160 984 193 30.
1011 160 1065 192 31.
1390 158 1468 199 335

61 261 201 300 accitos
232 274 298 299 eos
330 262 369 299 in
397 261 713 300 i·u1·iamffioi·tati
744 266 854 303 sunt.
885 261 941 299 uti
972 266 1262 299 reverterentur
1290 261 1471 307 Romanu

60 322 267 368 postquam
290 318 448 368 perpelli
471 317 707 368 nequibant,
732 317 892 356 consilio
915 318 1016 356 haud
1039 317 1273 356 abhorrente
1296 317 1342 356 ab
1363 317 1474 368 inge-

61 373 134 412 niis
155 373 360 413 hominum
384 386 448 412 eos
470 374 763 425 adgrediuntur.
806 373 866 413 die
886 374 985 412 festo
1008 374 1068 412 alii
1089 374 1182 413 alios
1211 387 1281 425 per
1301 374 1470 424 speciem
1500 385 1518 413 s

61 430 379 470 celebrandarum
408 436 524 469 cantu
547 431 747 482 epularum
782 431 920 480 [causa]
951 430 1132 476 invitant,
1163 436 1200 469 et
1228 431 1336 477 vino,
1366 432 1473 470 cuius

60 486 213 526 avidum
234 487 358 526 ferme
380 498 504 537 genus
526 493 594 533 est,
618 493 798 535 oneratos
820 486 996 538 sopiunt,
1024 492 1137 538 atque
1166 487 1215 527 ita
1242 487 1283 526 in
1304 488 1472 538 plaustra
1499 495 1518 525 9

61 555 201 583 somno
232 543 379 582 vinctos
407 543 606 583 coniciunt
635 558 677 583 ac
699 544 862 582 Romam
886 543 1107 594 deportant.
1151 556 1222 582 nec
1252 545 1361 595 prius
1384 557 1476 583 sen-

60 612 165 645 sere,
194 612 310 651 quam
331 600 512 651 plaustris
536 600 574 638 in
594 600 680 639 foro
702 600 845 639 relictis
867 600 1002 651 plenos
1024 599 1203 650 crapulae
1226 613 1292 645 eos
1317 601 1382 639 lux
1405 614 1475 652 op-

60 656 211 707 pressit.
234 662 327 695 tunc
344 668 559 696 concursus
577 657 709 708 populi
725 657 861 703 factus,
878 656 1178 707 impetratoque,
1195 662 1236 695 ut
1255 664 1470 703 manerent,
1505 662 1543 694 10

60 713 212 758 datum,
234 719 277 753 ut
298 713 473 752 triduum
495 714 701 765 quotannis
723 713 851 752 ornati
874 726 962 752 cum
985 719 1100 752 cantu
1122 716 1238 764 atque
1260 713 1349 759 hac,
1373 727 1470 765 quae

58 781 163 809 nunc
185 769 385 809 sollemnis
407 776 476 816 est,
497 771 649 810 licentia
666 783 736 821 per
752 770 889 809 urbem
907 774 1149 821 vagarentur.
1166 769 1471 822 restitutumque

58 827 98 865 in
120 827 214 866 aede
236 827 412 866 vescendi
433 827 493 866 ius
515 828 574 873 iis,
597 827 662 879 qui
685 827 803 866 sacris
824 827 1107 877 praecinerent.
1138 827 1233 865 haec
1252 827 1354 866 inter
1374 827 1472 866 duo-

60 896 146 922 rum
167 883 383 934 ingentium
404 884 594 924 bellorum
616 896 747 923 curam
770 884 1016 934 gerebantur.

172 940 358 980 Consules
380 940 482 979 inter
503 954 544 979 se
565 941 782 992 provincias
803 940 952 992 partiti3
975 939 1083 979 lunio
1107 940 1315 985 Samnites,
1337 939 1469 978 Aemi-
1498 941 1549 980 31

59 997 111 1036 lio
147 1009 294 1036 novum
329 997 473 1036 bellum
503 997 655 1037 Etruria
691 1004 795 1036 sorte
825 997 992 1036 obvenit.
1043 997 1083 1035 in
1106 997 1265 1035 Samnio
1288 997 1471 1042 Cluviam,
1502 1005 1520 1035 2

61 1054 296 1105 praesidium
317 1054 537 1093 Romanum
551 1086 559 1100 ,
591 1055 679 1105 quia
702 1054 930 1105 nequiverat
951 1054 987 1092 vi
1009 1054 1107 1104 capi,
1138 1054 1343 1093 obsessum
1373 1054 1476 1092 fame

61 1112 100 1149 in
131 1111 363 1150 deditionem
392 1118 620 1163 acceperant
649 1111 862 1158 Samnites,
900 1110 1207 1161 verberibusque
1242 1111 1400 1149 foedum
1438 1111 1476 1149 in

61 1168 221 1207 modum
249 1168 436 1207 laceratos
466 1168 684 1207 occiderant
713 1168 877 1206 deditos.
933 1167 1026 1206 huic
1053 1167 1229 1206 infensus
1258 1167 1471 1206 crudelitati
1503 1171 1520 1201 3

62 1224 208 1267 lunius.
231 1225 325 1262 nihil
348 1225 546 1275 antiquius
569 1225 856 1276 oppugnatione
879 1224 1061 1263 Cluviana
1084 1230 1202 1265 ratus.
1225 1237 1301 1275 quo
1324 1224 1384 1262 die
1407 1225 1476 1262 ad-

59 1293 218 1332 gressus
240 1288 299 1320 est
317 1281 480 1325 moenia.
502 1282 535 1319 vi
553 1283 651 1332 cepit
669 1288 782 1333 atque
801 1293 940 1320 omnes
957 1281 1124 1331 puberes
1143 1280 1349 1319 interfecit.
1381 1281 1470 1319 inde
1501 1285 1521 1315 4

61 1338 182 1377 victor
213 1338 405 1377 exercitus
435 1338 647 1376 Bovianum
680 1339 831 1378 ductus.
881 1344 994 1388 caput
1026 1338 1097 1376 hoc
1127 1344 1207 1375 erat
1235 1337 1469 1376 Pentrorum

66 1464 225 1509 Tiburtes,
246 1469 273 1508 7,
292 1470 323 1508 9,
345 1470 358 1500 1
380 1478 409 1498 u.
430 1477 458 1498 a.
477 1484 520 1489 ——
540 1469 681 1508 curiam,
700 1477 725 1498 s.

61 1511 91 1553 8,
113 1513 162 1552 14,
181 1513 210 1544 9.
230 1532 271 1535 —
295 1514 485 1555 nequibant,
504 1512 535 1553 2,
555 1512 607 1552 25,
626 1513 659 1544 3.
684 1531 725 1535 —

54 1567 117 1600 per
132 1560 271 1601 speciem
289 1558 346 1590 cel.
364 1563 427 1590 etc.
455 1560 569 1599 (eausa
592 1557 677 1590 fehlt
695 1558 725 1589 in

60 1603 153 1635 einer
170 1604 248 1636 Hds.
267 1604 331 1635 und
355 1603 486 1636 scheint
508 1602 661 1636 Glossem
685 1614 726 1635 zu

59 1648 155 1689 sein),
174 1649 247 1680 Val.
267 1649 356 1681 Max.
376 1649 407 1690 2,
428 1651 456 1687 5,
476 1650 510 1681 4:
529 1651 726 1692 interposita

60 1693 171 1735 festae
204 1694 399 1738 epulationis
430 1694 650 1726 simulatione.
682 1713 726 1717 —

56 1750 177 1781 genus,
196 1741 226 1781 8,
245 1741 298 1781 24,
317 1742 348 1772 6.
363 1759 405 1763 ——
424 1742 559 1778 vinctos,
580 1742 611 1782 5,
625 1741 679 1782 44,
696 1741 725 1772 7.

108 1786 157 1818 10.
184 1787 360 1829 impetrat„
378 1788 408 1825 6,
428 1787 480 1827 25,
499 1787 529 1818 5.
545 1806 585 1809 -—
604 1789 641 1818 ut
655 1797 726 1817 mu-

59 1840 145 1871 ner„
174 1831 226 1862 die
256 1830 491 1863 Fffitenbffiser
518 1832 623 1863 haben
654 1832 725 1863 also

61 1876 291 1917 auswanderm
315 1887 341 1907 s.
359 1875 379 1918 ξ
397 1878 431 1909 5:
458 1879 726 1916 restituerentur,

66 1919 155 1952 nicht
178 1921 252 1952 blos
271 1922 321 1953 ihr
339 1922 428 1963 Spiel
449 1922 628 1954 einstellen
646 1923 729 1953 wol—

62 1964 128 2005 len,
145 1964 256 2007 Lange
270 1967 301 2006 2,
321 1968 373 1998 76.
388 1987 429 1990 -—
443 1968 514 2006 hae,
533 1979 558 1999 s.
579 1967 683 2010 praef.
698 1968 728 1998 4.

65 2028 106 2032 —
123 2010 264 2052 lieentia,
282 2013 455 2044 Censorin.
475 2013 496 2044 l.
515 2013 553 2044 l.:
570 2023 635 2044 non
653 2013 730 2044 iibi-

62 2056 188 2088 cim'bus
213 2060 298 2090 esset
321 2060 523 2101 permissum
547 2061 606 2089 aut
632 2058 730 2090 ludos

57 2101 183 2143 publice
200 2102 316 2144 facere
338 2114 378 2135 ac
394 2106 483 2135 vesei
503 2106 537 2135 in
558 2103 729 2146 Capitolio,

63 2148 123 2177 aut
154 2146 416 2191 Quinquatribus
447 2149 645 2181 minusculis
679 2150 728 2188 (so

65 2192 178 2223 wurde
197 2194 255 2226 das
272 2193 353 2226 Fest
371 2195 429 2226 das
448 2195 519 2226 sich
537 2206 577 2226 an
596 2194 658 2226 den
676 2204 729 2225 er-

63 2235 193 2269 zfihlteu
211 2239 343 2271 Vorfall
361 2238 498 2282 kniipste
516 2245 675 2281 germunt,
702 2250 727 2271 s.

63 2281 167 2324 Marq.
185 2285 224 2324 4,
241 2284 326 2325 452)
355 2284 391 2316 id
411 2287 461 2316 est
488 2285 598 2317 idibus
620 2285 728 2316 Iuniis

61 2326 177 2358 urbem
202 2331 322 2361 vestitu
347 2340 409 2372 quo
427 2330 545 2362 vellent
563 2340 724 2373 persona-

60 2373 102 2402 tis
127 2373 294 2415 (personis
320 2378 405 2407 tecto
435 2377 540 2419 capite
566 2377 725 2416 variaque

58 2419 141 2448 vesle
158 2420 232 2452 Val.
250 2419 338 2452 Max.
364 2421 386 2452 l.
410 2421 445 2460 1.)
471 2420 726 2462 iemulentisque

61 2467 254 2507 per-vagam:
273 2484 314 2487 —-
327 2465 406 2498 aede
425 2478 454 2498 n.
474 2466 568 2508 Iovis,
585 2464 645 2497 auf
655 2466 726 2497 dem

61 2506 267 2548 Capitolium.

106 2550 174 2586 31·
198 2554 422 2597 Fortsetzung
439 2557 496 2589 des
511 2554 655 2597 h'rieges
669 2566 726 2597 ge-

803 1476 864 1506 gen
883 1466 937 1497 die
955 1465 1136 1504 Samnitem
1155 1464 1278 1496 Zonar.
1298 1465 1328 1506 8,
1349 1467 1376 1497 1.

852 1511 944 1544 1-—4.
979 1521 1096 1543 novum
1122 1511 1208 1548 bell„
1232 1510 1273 1541 da
1296 1510 1471 1551 provincia

803 1555 1075 1589 Geschiil'tskreis
1107 1556 1160 1596 ist,
1194 1556 1223 1594 3,
1244 1555 1274 1594 2,
1294 1557 1323 1586 2.
1363 1555 1471 1587 Ueber

800 1603 854 1635 (lie
873 1601 1149 1644 Appos.Etruria
1172 1612 1196 1632 s.
1212 1612 1240 1632 c.
1259 1600 1313 1641 42,
1331 1601 1369 1639 43
1388 1602 1421 1642 6,
1440 1601 1470 1642 6,

804 1650 858 1681 13;
877 1658 961 1680 nova
977 1648 1059 1679 haec
1076 1657 1169 1685 eura,
1187 1645 1309 1678 Latini.
1329 1665 1370 1668 ——
1390 1656 1471 1689 par-

799 1696 865 1735 titi,
895 1704 920 1726 s.
940 1694 969 1735 3,
989 1693 1042 1733 22,
1060 1694 1090 1724 3.
1122 1712 1162 1715 -—
1199 1692 1346 1724 Cluviam
1377 1692 1471 1732 (oder

803 1738 958 1779 Cluviae),
977 1739 1052 1770 eine
1070 1738 1167 1770 Stadt
1191 1739 1249 1769 der
1269 1737 1468 1775 Caracener,

799 1797 825 1817 s.
846 1783 1117 1825 7,31,11;Tac.
1137 1783 1174 1815 H.
1195 1785 1226 1824 4,
1246 1782 1471 1815 &Helvidius

800 1832 955 1871 Priscus,
982 1830 1120 1871 regione
1139 1829 1258 1860 Italiae
1278 1828 1437 1860 Carecina
1454 1840 1472 1859 e

801 1877 983 1919 municipio
1015 1874 1156 1915 CIuriis,
1191 1875 1277 1906 liber
1306 1874 1413 1905 colon.
1440 1885 1469 1915 p.

802 1921 932 1962 260,1;
951 1920 1134 1952 Mommsen
1152 1918 1468 1958 1nscr.R.N.5293;

802 1967 855 1998 die
873 1966 1071 2006 Eroberung
1099 1966 1159 1997 der
1181 1965 1278 1997 Stadt
1307 1965 1352 1996 ist
1382 1964 1472 1995 nicht

803 2013 965 2044 erwahnt.
999 2029 1041 2033 ——
1066 2011 1229 2054 praesid„
1248 2010 1278 2052 3,
1296 2011 1350 2050 30,
1368 2010 1398 2041 2.
1428 2028 1471 2032 »—

803 2058 976 2097 verberib„
1000 2056 1066 2087 wie
1085 2057 1139 2088 die
1158 2056 1280 2088 Riimer
1297 2067 1324 2088 c.
1342 2056 1397 2093 24,
1420 2055 1471 2086 15.

802 2122 843 2125 —
858 2102 1018 2143 crudelia,
1037 2101 1090 2141 24,
1112 2102 1162 2143 12,
1180 2102 1262 2133 2.-
1276 2101 1472 2138 Bovianum,

801 2159 866 2180 von
884 2149 1002 2187 hou-is,
1025 2147 1104 2178 weil
1126 2147 1183 2179 ‘ein
1201 2147 1293 2178 Stier
1314 2147 1367 2177 die
1385 2146 1472 2177 Aus-

802 2193 1024 2226 wandernden
1054 2191 1190 2233 gesiihrt
1222 2192 1327 2223 haben
1356 2191 1469 2222 sollte.

802 2239 847 2271 Es
864 2239 927 2279 gab
946 2237 1030 2270 zwei
1047 2237 1165 2270 St'zidte
1185 2237 1296 2269 dieses
1314 2237 1470 2276 Namens,

802 2285 853 2316 die
877 2284 950 2316 eine
973 2283 1066 2315 mehr
1085 2283 1255 2322 nb'rdlich‚
1283 2282 1470 2313 Bovianum

798 2332 898 2369 velus,
919 2330 1007 2371 jetzt
1023 2328 1340 2368 Pietrabbondante,
1357 2327 1467 2358 wahr—

800 2375 982 2406 scheinlich
996 2374 1037 2405 im
1049 2372 1187 2405 Gebiete
1201 2372 1467 2411 derCaracener,

799 2420 853 2452 die
871 2420 995 2451 andere
1008 2418 1148 2459 siidlich,
1166 2419 1222 2450 das
1237 2417 1263 2458 3.
1278 2418 1400 2458 Bojano
1418 2426 1468 2448 am

798 2465 842 2497 M.
877 2465 1044 2504 Mattese,
1077 2464 1258 2496 Mommsen
1290 2462 1469 2494 Unterital.

800 2510 887 2542 Dial.
907 2511 938 2542 S.
952 2511 1025 2543 171.
1053 2509 1088 2541 L.
1107 2509 1210 2541 meint
1228 2519 1256 2540 a.
1276 2519 1306 2539 u.
1326 2506 1386 2545 St.,
1403 2506 1468 2537 wie

798 2556 1003 2587 Pentrorum
1021 2555 1120 2594 zeigt,
1146 2554 1210 2585 woi
1235 2554 1292 2584 das
1312 2553 1465 2590 letztere,
