1763 2983
232 181 312 221 328

725 179 848 212 LIBER
874 179 934 213 IX.
973 180 1064 213 CAP.
1092 181 1145 213 27.

1414 190 1438 206 n.
1458 189 1485 206 u.
1505 180 1563 209 440.
1583 181 1644 208 441.

233 286 464 329 castrorum,
482 293 618 333 nequa
636 294 682 320 eo
707 281 759 320 vis
782 282 904 329 fieret,
928 295 1043 334 quam
1061 283 1107 322 ad
1125 283 1313 334 proelium
1333 288 1500 322 starent:
1525 282 1644 322 aciem

184 346 202 378 8
234 338 364 389 pedite
393 342 519 378 tutam
546 341 640 378 sore.
682 339 891 378 consulum
915 339 1108 390 Sulpicius
1138 340 1177 378 in
1199 340 1354 387 dextro,
1388 338 1582 378 Poetelius
1604 339 1644 378 in

228 395 334 433 laevo
358 407 480 434 cornu
503 395 734 436 consistunt.
773 396 904 435 dextra
926 408 1028 447 pars,
1051 409 1125 447 qua
1147 401 1185 435 et
1203 396 1398 435 Samnites
1419 395 1516 434 raris
1538 395 1643 435 ordi-

228 451 345 490 nibus
378 456 444 490 aut
470 452 517 491 ad
547 452 846 492 circumeundos
876 453 1028 499 hostes,
1059 458 1125 491 aut
1152 464 1202 491 ne
1234 452 1307 503 ipsi
1332 452 1642 499 circumirentur,

183 519 201 549 9
231 508 501 555 constiterant,
525 508 640 548 latius
662 509 848 560 patefacta
872 510 1001 556 stetit,
1022 508 1208 554 sinistris,
1241 513 1514 559 praeterquam
1539 509 1644 559 quod

228 565 485 604 confertiores
507 570 709 611 steterant,
739 565 948 616 repentino
971 565 1130 604 consilio
1152 564 1315 603 Poetelii
1344 565 1514 604 consulis
1536 565 1644 604 addi-

227 626 289 660 tae
311 621 430 668 vires,
462 622 527 673 qui
558 621 805 661 subsidiarias
828 622 1026 667 cohortes,
1058 634 1158 672 quae
1188 621 1363 672 integrae
1392 621 1437 660 ad
1458 620 1643 672 longioris

227 690 380 729 pugnae
403 691 513 719 casus
534 678 850 725 reservabantur,
878 678 917 716 in
938 678 1104 729 primam
1135 677 1257 717 aciem
1286 678 1481 729 extemplo
1503 678 1643 724 emisit,

165 743 203 775 10
232 734 503 786 universisque
529 735 683 775 hostem
720 735 847 786 primo
883 735 1033 786 impetu
1068 734 1213 773 viribus
1242 735 1393 786 inpulit.

228 792 400 843 pedestri
428 792 506 832 acie
535 792 769 831 Samnitium
798 804 917 843 eques
948 791 989 829 in
1018 802 1187 842 pugnam
1224 791 1408 831 succedit.

1449 739 1645 774 commota

1464 791 1505 830 in
1541 792 1644 831 hunc

227 853 448 888 transverso
470 849 621 901 agmine
644 850 744 888 inter
765 849 860 887 duas
881 848 982 887 acies
1004 860 1046 886 se
1063 847 1299 888 inferentem
1317 849 1517 887 Romanus
1534 848 1665 899 equi--

228 909 332 945 tatus
355 906 523 945 concitat
546 918 666 957 equos
688 905 875 956 signaque
898 910 936 943 et
957 904 1114 943 ordines
1134 904 1311 956 peditum
1330 910 1444 956 atque
1468 904 1643 956 equitum

165 966 199 999 ll
232 963 450 1009 confundit,
469 963 595 1002 donec
612 963 836 1003 universam
853 961 899 1000 ab
918 974 961 1000 ea
978 967 1087 1013 parte
1104 962 1242 1000 avertit
1251 962 1386 1001 aciem.
1410 961 1450 1000 in
1462 974 1507 1000 eo
1520 973 1645 1001 cornu

229 1031 308 1058 non
330 1019 527 1058 Poetelius
550 1021 657 1059 solus
680 1020 748 1058 sed
771 1018 969 1070 Sulpicius
992 1018 1106 1057 etiam
1129 1019 1305 1058 hortator
1326 1019 1521 1065 adfuerat,
1554 1031 1643 1058 ave-

229 1081 314 1116 ctus
336 1076 382 1115 ab
404 1076 485 1115 suis
507 1077 683 1115 nondum
705 1075 996 1115 conserentibus
1020 1087 1159 1114 manus
1188 1076 1235 1114 ad
1258 1076 1468 1114 clamorem
1497 1088 1516 1113 a
1549 1074 1646 1114 sini-

164 1139 203 1171 12
232 1138 309 1172 stra
331 1138 440 1184 parte
461 1133 568 1184 prius
592 1138 784 1172 exortum.
826 1132 928 1171 unde
950 1132 1052 1171 haud
1078 1132 1234 1171 dubiam
1256 1132 1452 1171 victoriam
1482 1143 1645 1172 cernens

229 1203 317 1229 cum
336 1190 382 1228 ad
401 1202 519 1229 suum
537 1202 661 1229 cornu
678 1191 857 1229 tenderet
873 1202 962 1228 cum
981 1189 1083 1228 mille
1099 1189 1276 1228 ducentis
1294 1188 1397 1235 viris,
1417 1188 1644 1228 dissimilem

229 1246 281 1285 ibi
308 1246 508 1286 fortunam
537 1247 705 1293 invenit,
738 1247 935 1285 Romanos
964 1246 1047 1285 loco
1084 1246 1235 1297 pulsos,
1274 1246 1462 1285 victorem
1490 1246 1644 1285 hostem

165 1313 203 1345 13
233 1304 342 1354 signa
364 1303 403 1342 in
426 1304 629 1354 perculsos
650 1304 897 1342 inferentem.
940 1309 1115 1342 ceterum
1141 1303 1271 1342 omnia
1301 1303 1464 1342 mutavit
1485 1308 1646 1354 repente

233 1360 400 1400 consulis
422 1361 629 1400 adventus:
658 1372 748 1400 nam
771 1365 808 1398 et
829 1366 1041 1411 conspectu
1062 1360 1170 1398 ducis
1193 1360 1362 1399 refectus
1393 1359 1561 1399 militum
1587 1365 1647 1398 est

233 1416 407 1463 animus,
437 1423 475 1455 et
496 1417 622 1456 maius
645 1430 761 1467 quam
783 1429 853 1467 pro
875 1428 1038 1455 numero
1061 1416 1244 1455 auxilium
1267 1417 1505 1455 advenerant
1525 1417 1646 1455 fortes

235 1473 322 1515 viri,
346 1479 383 1512 et
405 1473 523 1525 partis
546 1474 705 1513 alterius
729 1473 884 1512 victoria
907 1474 1053 1517 audita,
1076 1486 1166 1512 mox
1188 1473 1265 1512 visa
1289 1473 1422 1512 etiam.
1452 1473 1645 1524 proelium

232 1588 342 1630 Lager
369 1588 412 1620 im
436 1588 531 1629 Auge
557 1587 724 1620 behalten.
764 1590 897 1620 starent

234 1645 295 1667 nur
312 1635 450 1675 stehen,
469 1634 554 1665 ohne
573 1644 624 1665 am
642 1632 780 1676 Hampfe
798 1632 896 1665 Tbeil

234 1691 274 1712 zu
292 1680 442 1712 nehmen.
460 1700 503 1702 —
520 1681 637 1719 aciem,
652 1680 712 1711 der
730 1678 852 1722 Hamps
867 1679 901 1710 in

235 1726 294 1757 der
322 1726 550 1767 eigentlichen
579 1725 827 1757 Schlachtlinie.
860 1744 902 1749 ——

235 1770 418 1811 consulum,
443 1772 496 1812 22,
521 1771 575 1811 40,
601 1772 631 1802 6.
657 1789 701 1793 —-—-
724 1769 903 1814 Salpia.—

234 1818 426 1856 consistunt,
446 1817 498 1855 33,
518 1816 571 1854 39,
591 1816 627 1847 2:
655 1816 845 1857 legatorum
862 1818 903 1848 P.

236 1862 398 1894 Lentulus
416 1880 458 1884 —
476 1861 513 1893 L.
539 1860 714 1893 Terentius
737 1881 779 1884 ἡ
799 1864 903 1905 petie-

236 1909 324 1949 runt,
344 1907 396 1947 28,
419 1907 469 1945 lo,
492 1908 541 1938 lo.
558 1925 600 1928 -—
618 1917 733 1946 cornu,
752 1908 811 1939 der
829 1907 904 1939 eine

235 1953 296 1984 der
309 1952 425 1985 beiden
435 1951 554 1984 Theile
573 1952 632 1984 der
646 1952 905 1993 Schlachtlinie3

237 1998 257 2040 ξ
276 1998 293 2029 7
320 2007 445 2029 cornua
472 1998 525 2029 die
544 1997 671 2038 Fliigel.
690 2016 733 2020 —-
758 2000 908 2030 sinistris

239 2043 267 2074 d.
292 2044 323 2075 h.
351 2044 409 2084 qui
433 2044 466 2074 in
483 2045 627 2075 sinistra
641 2045 740 2086 parte
757 2045 908 2076 constite-

238 2092 317 2121 rant
334 2087 492 2119 natilibus
516 2089 598 2121 oder
615 2088 797 2130 ordinibus,
820 2098 909 2120 wor-

240 2132 299 2165 auf
320 2133 548 2175 confertiores
571 2134 761 2165 hinweiset.
779 2137 907 2165 —vste-

239 2181 361 2219 ter-ant,
375 2178 444 2219 vgl.
464 2180 494 2219 7,
508 2180 560 2218 23,
578 2179 606 2210 7.
625 2199 665 2202 ——
680 2179 806 2211 subsid.
823 2180 905 2219 coh„

240 2223 470 2264 dieTriarier,
488 2225 615 2256 welche
634 2225 697 2255 wic
710 2226 905 2266 [lnirersz'sq.

241 2270 332 2311 zeigt
349 2269 381 2300 iu
397 2269 614 2310 Vei-bindung
630 2270 689 2300 mit
707 2270 767 2301 den
788 2270 906 2301 Hasta-

239 2320 295 2346 ten
323 2315 388 2346 und
418 2313 608 2357 Principes,
641 2315 712 2347 also
746 2315 777 2346 in
813 2315 906 2347 einer

240 2360 398 2400 Phalanx,
424 2360 597 2400 angi-cisen
629 2361 795 2400 (cohortes,
825 2372 850 2392 s.
878 2372 904 2391 c.

242 2406 296 2446 24,
320 2407 352 2445 13
373 2406 402 2445 δ’,
420 2406 450 2445 9,
471 2406 535 2445 12).
568 2406 667 2438 Diese
686 2406 747 2437 Art
764 2406 821 2437 des
841 2405 908 2437 An-

239 2451 334 2492 griffs
351 2461 431 2489 war,
451 2451 514 2482 wie
530 2452 559 2491 b,
579 2453 596 2483 S
616 2462 647 2482 u.
671 2454 708 2484 1⁴)
726 2451 824 2493 zeigt,
850 2462 908 2482 uu-

239 2496 458 2538 gewiihnlich,
489 2496 591 2529 daher
616 2498 790 2540 repentino
818 2508 905 2529 cons.

293 2541 434 2574 10—13.
476 2545 648 2581 commota,
683 2543 732 2574 ins
753 2542 905 2574 Wanken

241 2586 411 2630 gebracht,
429 2588 482 2619 die
500 2587 604 2629 Folge
621 2589 678 2619 des
697 2588 816 2631 lupelli,
838 2588 902 2628 νέξ-Ι.

977 1589 1123 1629 dagegen
1148 1588 1179 1628 7,
1206 1589 1236 1628 S,
1273 1588 1303 1620 3.
1322 1606 1364 1611 —
1383 1591 1548 1622 transver.
1575 1600 1643 1631 ag„

979 1645 1043 1665 von
1067 1634 1127 1665 den
1146 1633 1285 1673 Fliigeln
1306 1634 1454 1674 (cornua)
1478 1634 1538 1666 her
1563 1635 1645 1667 zwi-

979 1681 1075 1711 schen
1096 1679 1148 1711 die
1168 1677 1402 1721 Hiimpfenden,
1425 1690 1450 1712 s.
1472 1680 1500 1721 1,
1529 1681 1579 1722 13,
1609 1684 1643 1715 1:

977 1736 1021 1757 ecc
1039 1728 1230 1756 transverso
1248 1727 1384 1767 impetu.
1403 1744 1445 1747 —
1462 1727 1593 1768 sz'gnaq.
1618 1739 1645 1760 e.

979 1783 1021 1812 o.,
1038 1770 1092 1802 die
1106 1770 1239 1802 Fahnen
1257 1770 1344 1811 (hier
1356 1771 1439 1802 auch
1452 1771 1505 1802 die
1519 1773 1645 1804 vexilla

981 1818 1040 1848 der
1065 1816 1205 1858 equites,
1236 1816 1267 1855 4,
1286 1816 1339 1856 38,
1370 1816 1401 1856 3,
1432 1815 1645 1859 umfassend),

980 1862 1033 1893 die
1051 1861 1199 1903 Manipel
1216 1862 1280 1892 und
1300 1861 1444 1893 Tui-men
1467 1866 1565 1894 unter
1583 1863 1645 1895 den

981 1907 1127 1947 Fulmen,
1143 1907 1209 1947 vgl.
1225 1908 1256 1947 8,
1272 1906 1323 1948 39,
1335 1907 1365 1938 4.
1380 1925 1418 1929 -—
1437 1909 1567 1948 avertit,
1581 1919 1607 1940 s.
1619 1919 1646 1940 c.

986 1954 1036 1992 19,
1058 1954 1114 1989 173
1134 1952 1310 1983 bisweileu
1326 1952 1405 1984 tritt
1423 1953 1505 1984 noch
1529 1954 1562 1984 ἰη
1587 1954 1649 1996 fa-

978 2008 1061 2040 gum
1078 1998 1187 2037 hinzu,
1205 2008 1231 2028 s.
1254 1999 1282 2037 1,
1301 1998 1353 2037 37,
1374 1999 1413 2037 33
1444 1997 1497 2039 22,
1526 1998 1577 2040 19,
1599 2001 1648 2032 11.

981 2062 1022 2066 -
1033 2043 1171 2086 Salpia,
1181 2043 1304 2074 kommt
1312 2053 1352 2073 zu
1361 2042 1479 2074 Pferde
1491 2044 1648 2086 (avectus,

983 2089 1049 2129 vgl.
1069 2099 1098 2119 e..
1116 2089 1170 2128 31,
1192 2087 1244 2127 10)
1263 2088 1390 2120 seinein
1408 2087 1536 2129 Fliigel,
1554 2089 1647 2122 viell.

983 2133 1042 2165 mit
1074 2134 1133 2165 der
1166 2133 1315 2165 Reiterei
1348 2134 1407 2165 der
1431 2134 1451 2164 4
1468 2133 1649 2176 Legionen‚

982 2178 1071 2210 mille
1107 2178 1275 2220 (lucentis,
1306 2189 1346 2209 zu
1371 2177 1477 2210 Hiilfe.
1508 2199 1549 2202 »-
1571 2181 1650 2212 lzor-

983 2227 1074 2255 latm·
1091 2223 1178 2266 ads„
1196 2235 1220 2254 S.
1243 2234 1272 2254 e.
1291 2224 1340 2263 13,
1359 2225 1395 2264 23
1415 2225 1468 2265 21,
1492 2225 1541 2266 11,
1560 2226 1589 2257 7.
1605 2245 1647 2249 —-

983 2269 1028 2301 ad
1043 2269 1138 2301 clam.
1165 2269 1284 2309 geho'rt
1311 2280 1350 2300 zu
1375 2269 1538 2307 advectus,
1566 2272 1647 2303 nach

984 2315 1054 2347 dem
1065 2313 1341 2355 firiegsgesehrei
1356 2315 1421 2357 hin,
1437 2315 1520 2346 doch
1533 2316 1648 2349 deutet

983 2360 1029 2391 ad
1043 2360 1194 2400 zugleich
1210 2369 1261 2402 an,
1285 2360 1361 2391 dass
1379 2360 1486 2393 dieses
1514 2361 1569 2392 ihu
1592 2361 1645 2393 da-

986 2417 1025 2437 zu
1042 2405 1261 2443 veranlasste,
1280 2415 1306 2436 e.
1324 2406 1354 2445 7,
1371 2407 1406 2445 73
1424 2411 1520 2438 sonst
1533 2407 1648 2439 wiirde

981 2462 1016 2483 es
1049 2451 1180 2482 heisscn
1214 2450 1258 2481 ad
1288 2452 1460 2482 sinistram
1499 2454 1646 2495 partem,

980 2496 1066 2528 merle
1080 2496 1205 2527 clamor·
1222 2499 1303 2535 etc.;
1323 2496 1407 2528 uncle
1425 2507 1464 2527 zu
1478 2496 1639 2532 tenderet.

981 2562 1022 2565 —-
1041 2552 1141 2584 quam
1156 2552 1229 2585 pro,
1260 2545 1330 2572 crst
1354 2542 1420 2573 seit
1438 2541 1473 2573 L.
1492 2543 1646 2582 gewtihn-

979 2588 1044 2620 lich
1062 2588 1232 2629 —surles
1251 2598 1289 2625 ιι,
1308 2587 1374 2627 ηςΙ.
1395 2592 1424 2632 7,
1443 2591 1474 2625 8,
1498 2588 1523 2620 1.
