1763 2983
208 148 291 191 378
661 149 786 182 LIBER
797 149 923 184 xxm.
943 149 1037 184 CAP.
1055 151 1110 186 43.
1125 152 1179 186 44.
1486 157 1512 176 a.
1529 157 1556 176 a
1570 149 1636 178 ⁵³⁹.

151 261 190 293 10
211 260 287 292 tur.
339 251 565 292 Hannibalis
592 252 772 292 virtutem
804 254 1081 306 fortunamque
1112 254 1272 301 extollit,
1301 253 1436 306 populi
1464 254 1631 295 Romani

152 320 188 351 11
213 309 353 349 obterit
381 315 425 348 ut
453 315 718 349 senescentem
751 322 840 349 cum
870 309 1017 350 viribus
1045 312 1292 350 maiestatem.
1343 311 1499 362 quaesi
1524 312 1630 362 paria

212 373 352 413 essent,
373 371 416 405 ut
436 366 636 417 quondam
660 367 836 414 fuissent,
856 372 984 406 tamen
1006 368 1185 419 expertis,
1207 380 1322 419 quam
1345 380 1460 419 grave
1483 368 1629 407 Roma-

213 435 308 462 num
338 423 547 473 imperium
579 422 715 470 sociis,
760 429 902 474 quanta
931 424 1167 476 indulgentia
1197 423 1420 463 Hannibalis
1449 424 1562 464 etiam
1588 424 1630 464 in

212 479 383 531 captivos
404 491 542 518 omnes
561 479 678 518 Italici
708 480 877 519 nominis
900 481 1046 528 fuisset,
1068 481 1257 520 Punicam
1278 482 1477 520 Romanae
1500 481 1629 520 socie—

152 548 191 581 12
211 542 326 576 tatem
349 542 463 587 atque
487 536 692 575 amicitiam
713 537 1017 588 praeoptandam
1038 550 1134 576 esse.
1165 538 1196 576 si
1212 537 1326 577 ambo
1343 537 1523 576 consules
1539 550 1631 577 cum

211 594 291 632 suis
313 592 545 632 exercitibus
566 593 613 632 ad
629 593 766 632 Nolam
789 599 928 641 essent,
950 600 1078 633 tamen
1100 606 1180 633 non
1203 594 1323 645 magis
1345 606 1457 645 pares
1478 594 1634 633 Hanni-

210 650 286 689 bali
306 651 473 697 futuros,
494 661 610 700 quam
635 650 679 688 ad
704 650 852 689 Cannas
876 651 1051 698 fuissent,
1075 651 1221 689 nedum
1241 656 1396 702 praetor
1417 663 1520 690 unus
1539 663 1629 690 cum

150 712 190 745 13
209 707 342 758 paucis
374 712 410 745 et
439 707 553 746 novis
582 706 765 746 militibus
794 707 931 746 Nolam
960 707 1074 746 tutari
1100 708 1234 758 possit.
1301 707 1480 758 ipsorum
1511 719 1631 758 quam

209 763 435 804 Hannibalis
457 763 664 810 interesse,
700 769 806 814 capta
827 777 875 802 an
896 764 1032 803 tradita
1054 764 1148 803 Nola
1169 764 1382 815 potiretur:
1412 763 1630 815 potiturum

210 821 325 867 enim,
356 826 399 859 ut
419 820 548 871 Capua
570 820 813 871 Nuceriaque
836 821 979 872 potitus
1003 828 1124 868 esset;
1154 821 1221 860 sed
1243 821 1335 871 quid
1356 821 1456 860 inter
1477 820 1630 872 Capuae

209 889 253 916 ac
276 877 462 916 Nuceriae
485 878 681 915 fortunam
702 877 917 924 interesset,
946 878 1052 928 ipsos
1073 889 1197 928 prope
1220 878 1260 916 in
1281 877 1408 916 medio
1430 877 1524 916 sitos
1546 877 1631 916 No-

149 941 191 974 14
208 934 318 973 lanos
341 934 450 973 scire.
477 933 580 972 nolle
603 934 779 980 ominari,
803 946 900 985 quae
922 940 1051 985 captae
1075 934 1162 973 urbi
1185 947 1318 973 casura
1342 935 1482 981 forent,
1507 939 1544 973 et
1554 946 1631 985 po-

210 991 286 1030 tius
308 991 515 1042 spondere,
536 990 568 1028 si
586 991 809 1029 Marcellum
830 1005 921 1030 eum
939 991 1130 1041 praesidio
1151 1003 1194 1029 ac
1214 991 1349 1029 Nolam
1369 990 1629 1038 tradidissent,

210 1048 408 1086 neminem
432 1047 546 1085 alium
568 1059 685 1098 quam
706 1047 812 1098 ipsos
835 1047 972 1098 legem,
1003 1059 1077 1098 qua
1098 1047 1139 1085 in
1162 1047 1381 1085 societatem
1402 1047 1628 1085 amicitiam-

131 1105 191 1146 44
212 1116 287 1155 que
318 1103 542 1142 Hannibalis
582 1103 770 1148 venirent,
810 1103 1018 1142 dicturum.
1072 1103 1130 1142 Ad
1160 1116 1202 1142 ea
1231 1103 1454 1142 Herennius
1486 1103 1631 1142 Bassus

208 1160 423 1211 respondit,
455 1160 598 1199 multos
629 1172 753 1198 annos
778 1160 853 1199 iam
885 1161 986 1199 inter
1011 1161 1233 1200 Romanum
1259 1160 1531 1210 Nolanumque
1553 1171 1628 1211 po-

208 1218 345 1269 pulum
377 1216 580 1256 amicitiam
602 1228 685 1255 esse
699 1248 707 1264 ,
735 1217 844 1255 cuius
866 1223 1026 1256 neutros
1048 1217 1093 1255 ad
1117 1229 1200 1255 eam
1223 1216 1322 1255 diem
1345 1216 1562 1267 paenitere,
1593 1222 1632 1255 et

209 1274 301 1320 sihi,
328 1274 359 1313 si
386 1286 475 1312 cum
502 1275 658 1312 fortuna
680 1274 862 1312 mutanda
882 1273 978 1313 fides
1001 1274 1136 1321 fuerit,
1169 1286 1256 1312 sero
1278 1274 1353 1312 iam
1377 1286 1459 1312 esse
1479 1279 1631 1312 mutare

953 1396 1021 1429 Cic.
1056 1396 1120 1431 Off.
1155 1397 1184 1437 3,
1211 1399 1242 1437 6,
1269 1398 1328 1429 32:
1363 1399 1454 1428 milla
1477 1403 1519 1429 est
1545 1398 1629 1429 enim

951 1446 1078 1476 societas
1102 1445 1192 1474 wobis
1226 1454 1297 1475 eum
1327 1444 1489 1483 tyrannis,
1522 1449 1550 1474 et
1567 1453 1628 1482 po-

206 1400 236 1430 7.
258 1415 302 1420 —
319 1398 440 1437 obterit,
458 1401 546 1428 setzt
571 1397 684 1437 herab,
710 1396 817 1429 indein
847 1407 883 1429 er

205 1442 253 1475 sie
279 1442 328 1474 als
353 1461 397 1465 —
418 1442 582 1474 darstellt.
607 1460 652 1465 ——
665 1454 771 1485 qrave,
801 1453 827 1475 s.
856 1453 882 1474 c.

204 1491 260 1529 44,
296 1490 323 1521 1.
348 1506 392 1510 -
425 1491 570 1529 captivos,
605 1499 629 1520 s.
664 1490 718 1526 22,
752 1491 804 1522 58.
838 1506 883 1511 --

204 1541 308 1566 tamen
333 1545 363 1566 n.
384 1545 443 1575 eos,
470 1536 523 1574 21,
552 1537 604 1574 50,
632 1536 660 1568 S.
684 1552 726 1556 —
741 1541 884 1574 praetor,

205 1592 233 1612 c.
271 1582 325 1620 40,
367 1582 394 1613 1.
432 1598 476 1602 —
512 1583 653 1619 ipsorum
690 1591 795 1623 quam,
830 1580 884 1612 bei

207 1629 353 1658 interesse
386 1625 509 1657 konnte
540 1625 603 1657 wie
631 1626 682 1658 bei
708 1626 769 1658 den
797 1625 882 1658 Ver-

207 1672 267 1703 ben
293 1672 349 1703 des
384 1671 537 1704 Wollens
565 1675 675 1711 potius
708 1670 830 1713 fehlen,
857 1683 882 1703 s.

205 1728 244 1748 zu
288 1718 318 1755 3,
361 1718 415 1755 6S,
453 1719 510 1756 113
545 1718 599 1756 25,
634 1719 688 1758 29,
733 1719 771 1759 63
814 1717 882 1758 vgl.

204 1765 309 1795 videri
330 1762 412 1795 Sall.
439 1762 472 1794 C.
499 1764 553 1802 48,
580 1765 610 1803 5,
636 1762 675 1795 H.
706 1765 786 1799 1743
805 1765 882 1796 351.

203 1826 250 1831 —-
275 1812 346 1848 Cap.
372 1810 454 1841 Nuc.
489 1809 579 1841 steht
616 1809 796 1841 chiastiseh
822 1809 883 1840 mit

203 1861 293 1894 capta
305 1866 348 1886 an
361 1857 481 1886 tradita
499 1855 532 1885 in
545 1854 742 1895 Beziehuug.
778 1853 882 1887 Ueber

204 1899 348 1932 Nuceria
372 1910 400 1933 c.
430 1902 481 1939 15,
511 1901 540 1932 6.

253 1948 303 1980 14.
327 1948 409 1978 nolle
432 1957 501 1985 om,
528 1955 565 1977 er
592 1945 691 1977 wolle
724 1955 758 1977 es
792 1945 882 1976 nicht

203 1992 442 2033 aussprechen,
476 2002 529 2022 um
562 1991 654 2022 nicht
698 1990 750 2023 ein
787 1991 880 2023 bijses

205 2036 307 2068 Omen
332 2047 372 2068 zu
399 2037 624 2075 veranlassen,
654 2048 681 2068 c.
711 2038 761 2077 13,
788 2038 827 2077 43
847 2038 878 2077 3,

204 2084 258 2123 61,
278 2086 314 2116 5:
334 2085 414 2114 nolle
423 2085 572 2119 ominari,
592 2093 671 2123 quae
687 2093 879 2121 uec—pas-

201 2130 275 2160 suri
291 2130 356 2160 sint
373 2130 448 2160 urbi
464 2130 619 2167 aeeidere3
641 2130 671 2168 7,
695 2130 748 2166 30,
767 2129 820 2160 23.
836 2146 879 2151 —

201 2184 315 2205 casura
337 2174 376 2213 fi,
402 2184 427 2204 s.
453 2175 507 2213 22,
533 2175 586 2209 40.
611 2174 648 2212 33
677 2174 730 2213 35,
761 2174 811 2213 13,
841 2175 878 2206 9:

202 2221 233 2251 εἰ
256 2222 339 2261 quid
363 2221 488 2251 adversi
520 2230 670 2250 casuram
685 2220 796 2260 soret,
822 2219 876 2258 38,

202 2266 258 2305 46,
285 2267 323 2298 6:
348 2267 430 2306 quid
444 2282 489 2286 -—
506 2276 654 2296 casurum
665 2266 805 2305 fecissem
824 2266 877 2304 36,

204 2312 257 2346 34.
286 2311 324 2351 33
343 2312 454 2352 forem
479 2310 633 2342 schliesst
658 2310 740 2350 sich,
769 2309 878 2342 seiuer

202 2356 474 2398 urspriinglichen
515 2356 705 2397 Bedeutung
737 2356 877 2397 gemiiss,

204 2400 254 2433 oft
280 2412 321 2433 au
347 2403 404 2433 das
430 2406 514 2444 part.
547 2401 608 2436 fut.
642 2406 706 2433 act.
732 2412 786 2443 an,
812 2402 877 2441 vgl.

206 2449 257 2489 10,
284 2450 315 2485 4,
343 2450 380 2487 43
412 2449 466 2487 26,
492 2450 546 2487 26,
583 2449 641 2487 113
667 2449 721 2485 29,
759 2448 791 2487 3,
821 2449 879 2487 113

203 2496 257 2533 30,
284 2495 314 2529 2,
343 2497 378 2533 53
404 2495 458 2533 22,
492 2496 547 2533 57,
585 2496 622 2532 53
655 2496 709 2533 37,
739 2495 789 2532 10,
819 2495 878 2533 1ος

202 2538 244 2570 ib.
275 2541 325 2579 15,
355 2541 369 2573 1
396 2550 427 2570 u.
458 2549 500 2579 a.,
526 2538 592 2581 vgl.
618 2540 650 2579 6,
679 2540 733 2579 42,
764 2540 813 2573 12.
835 2557 878 2561 —

202 2591 230 2616 ct
246 2588 359 2625 potius
384 2595 436 2616 wo
462 2584 526 2616 wir
557 2587 612 2616 sed
632 2596 662 2624 p.
697 2588 877 2625 erwarten,

952 1491 1017 1521 tius
1041 1500 1162 1520 summa
1189 1490 1352 1521 distractio
1383 1494 1435 1520 est.
1464 1506 1506 1510 —
1534 1490 1628 1531 ἱεμένη

952 1534 1116 1568 collectiv.

998 1576 1068 1616 44.
1123 1581 1219 1613 1—2.
1269 1582 1383 1611 multos
1434 1590 1511 1612 ann.
1553 1582 1627 1619 etc,

952 1624 1234 1657 wahrscheiulich
1279 1625 1386 1656 haben
1425 1624 1477 1656 die
1508 1623 1632 1656 Riimer

952 1670 1049 1711 Nola,
1069 1671 1226 1702 naehdem
1252 1681 1285 1703 es
1307 1670 1376 1702 sich
1401 1668 1627 1702 unterworfen

951 1717 1056 1756 hatte,
1084 1728 1110 1751 5.
1137 1719 1166 1756 9,
1198 1717 1251 1756 28,
1271 1720 1369 1748 unter
1391 1726 1427 1747 so
1453 1715 1628 1757 giinstigen

951 1762 1184 1804 Bediugungeu
1201 1762 1265 1794 wie
1286 1761 1453 1804 Neapolis,
1475 1772 1500 1792 s.
1521 1762 1552 1801 8,
1571 1762 1626 1801 26,

952 1812 983 1848 6,
1005 1808 1065 1839 mit
1093 1808 1164 1840 sich
1189 1808 1389 1847 verbunden,
1413 1817 1449 1839 so
1474 1807 1550 1838 dass
1575 1806 1627 1839 die

950 1853 1098 1886 Nolaner
1120 1864 1180 1885 nur
1207 1864 1271 1885 von
1295 1853 1387 1885 einer
1411 1852 1626 1885 ehrenvollen

950 1903 1099 1937 amicitia,
1126 1911 1150 1931 s.
1176 1901 1206 1939 6,
1237 1901 1267 1937 2,
1305 1900 1336 1939 3,
1365 1899 1475 1938 reden,
1499 1898 1629 1930 welche

950 1944 1005 1977 fiir
1018 1945 1070 1977 die
1084 1944 1312 1977 Aristokratie
1334 1944 1436 1975 durch
1455 1943 1507 1976 die
1525 1954 1551 1976 c.
1572 1946 1627 1984 17,

951 1993 969 2024 3
988 1991 1161 2023 crwiihnte
1182 1989 1435 2031 Umgestaltung
1460 1990 1519 2021 der
1538 1989 1627 2022 Ver-

949 2035 1084 2077 sassuug
1104 2036 1194 2067 nicht
1207 2037 1336 2077 gestb'rt
1350 2045 1431 2067 war.
1451 2053 1494 2058 —
1503 2035 1626 2076 fuerit,

949 2082 1007 2113 das
1042 2083 1109 2113 hds.
1135 2082 1253 2122 fuerat
1287 2081 1331 2112 ist
1364 2080 1397 2111 in
1442 2085 1525 2113 orat.
1561 2080 1625 2112 obl.

949 2127 1015 2158 wol
1035 2127 1108 2159 hier
1132 2138 1168 2159 so
1193 2126 1302 2167 wenig
1326 2126 1471 2168 zuliissig
1495 2127 1544 2158 als
1569 2128 1625 2168 41,

948 2174 1002 2211 24,
1037 2175 1072 2211 5,
1098 2175 1154 2209 42,
1183 2174 1236 2213 52,
1268 2173 1321 2214 13,
1353 2182 1450 2204 wenn
1479 2173 1563 2203 auch
1592 2171 1625 2203 in

949 2229 996 2250 or.
1021 2222 1113 2250 recta
1141 2219 1198 2250 der
1233 2217 1396 2250 Indicativ
1428 2218 1498 2249 sich
1531 2228 1567 2250 so
1591 2217 1626 2249 in

948 2264 1019 2296 dem
1040 2264 1266 2305 bedingenden
1285 2263 1384 2295 Satze
1408 2264 1521 2303 findet,
1549 2273 1574 2295 s.
1594 2265 1625 2304 5,

949 2311 1003 2348 52,
1034 2312 1088 2343 12:
1113 2312 1194 2352 quid
1215 2312 1329 2342 horum
1356 2321 1433 2349 opus
1467 2315 1535 2342 erat
1557 2320 1626 2341 sus-

948 2358 1020 2396 cipi,
1047 2358 1078 2387 si
1099 2373 1142 2378 —-
1169 2358 1276 2388 urbem
1301 2357 1449 2388 relicturi
1473 2356 1625 2396 fuimus3

949 2403 1002 2441 37,
1025 2403 1079 2441 36,
1114 2403 1152 2441 43
1186 2404 1240 2442 40,
1270 2403 1319 2441 14,
1348 2403 1387 2441 43
1412 2399 1451 2432 R.
1478 2402 1554 2434 235.
1579 2417 1625 2422 -—

947 2458 1025 2487 sero,
1052 2457 1104 2478 wo
1129 2457 1204 2478 man
1229 2458 1334 2479 serum
1359 2450 1530 2486 erwartet,
1556 2444 1623 2477 Cic.

950 2492 986 2535 Q.
1021 2491 1076 2524 Fr.
1114 2495 1142 2533 1,
1174 2493 1206 2532 2,
1239 2494 1271 2532 3,
1295 2495 1333 2526 92
1370 2503 1438 2524 sero
1461 2498 1505 2524 est
1527 2493 1622 2531 enim,

948 2538 1014 2579 vgl.
1037 2537 1071 2569 L.
1100 2539 1154 2579 24,
1183 2539 1236 2578 30,
1265 2540 1324 2571 11:
1340 2538 1476 2577 frustra
1498 2539 1541 2570 eis
1551 2538 1626 2578 fuit

946 2586 1122 2625 inceptum
1152 2586 1305 2616 commode
1343 2584 1396 2625 32,
1431 2583 1461 2624 2,
1496 2584 1534 2624 43
1568 2584 1626 2614 im-
