1763 2983
36 147 215 175 1011325.
531 146 655 180 LIBER
684 146 765 180 Vlll.
805 146 895 178 CAP.
925 148 977 180 30.
1374 149 1454 188 249

39 253 169 289 frenos
188 249 299 301 equis
317 257 435 303 atque
453 250 506 291 ita
522 250 740 290 concitatos
761 250 973 291 calcaribus
987 251 1177 303 permisit,
1204 258 1245 291 ut
1262 251 1456 292 sustinere

38 320 105 347 eos
127 307 232 347 nulla
256 309 311 348 vis
334 313 487 360 posset,
518 319 589 359 per
610 320 729 353 arma,
758 320 828 359 per
857 308 960 348 viros
991 309 1066 347 late
1096 314 1266 361 stragem
1289 309 1456 357 dedere;

38 369 195 404 secutus
217 363 336 416 pedes
358 365 552 416 impetum
575 365 752 417 equitum
775 364 942 405 turbatis
964 365 1146 405 hostibus
1174 366 1310 406 intulit
1331 366 1450 418 signa.
1486 369 1503 399 7

41 421 174 472 viginti
196 421 299 462 milia
321 422 494 462 hostium
517 434 627 461 caesa
649 435 694 461 eo
718 421 779 461 die
802 422 1021 462 traduntur.
1053 428 1231 463 auctores
1250 423 1374 463 habeo
1396 423 1456 463 bis

37 491 126 518 cum
149 479 263 518 hoste
284 479 392 531 signa
410 479 557 519 conlata
587 478 774 519 dictatore
804 478 968 518 absente
984 510 992 526 ,
1023 480 1080 519 bis
1109 492 1193 520 rem
1216 481 1366 533 egregie
1389 494 1457 532 ge-

35 540 157 581 stam,
179 537 280 588 apud
303 536 598 588 antiquissimos
628 536 839 587 scriptores
863 549 937 575 una
963 536 1058 576 haec
1079 550 1208 588 pugna
1230 537 1455 585 invenitur,

36 592 76 632 in
95 592 327 644 quibusdam
344 593 550 633 annalibus
567 598 647 632 tota
663 606 727 632 res
745 593 1022 645 praetermissa
1040 598 1110 633 est.
1145 595 1328 646 magister
1346 595 1457 647 equi-

36 654 133 697 tum,
159 655 201 689 ut
222 664 269 690 ex
291 655 398 690 tanta
420 650 547 697 caede,
571 650 705 690 multis
728 650 875 702 potitus
897 650 1030 702 spoliis
1052 656 1236 702 congesta
1257 652 1296 691 in
1315 652 1457 703 ingen-

35 712 113 747 tem
135 720 316 747 acervum
339 707 493 747 hostilia
514 720 621 747 arma
643 707 800 747 subdito
823 708 911 758 igne
928 707 1204 754 concremavit,
1227 721 1298 748 seu
1320 714 1455 748 votum

36 765 72 804 id
89 765 253 805 deorum
272 765 438 817 cuipiam
456 765 540 812 fuit,
560 777 630 804 seu
647 765 805 804 credere
823 764 916 804 libet
931 764 1049 805 Fabio
1068 765 1219 805 auctori
1238 779 1282 805 eo
1297 767 1455 811 factum,

36 834 85 861 ne
106 834 199 861 suae
221 822 363 873 gloriae
385 822 559 861 fructum
582 822 749 861 dictator
766 827 922 873 caperet
939 835 1166 874 nomenque
1192 822 1243 862 ibi
1269 823 1459 863 scriberet

34 884 101 918 aut
131 879 253 931 spolia
284 879 324 918 in
356 879 557 931 triumpho
590 879 722 918 ferret.
774 879 924 918 litterae
947 892 1104 931 quoque
1127 880 1173 919 de
1195 892 1236 919 re
1268 892 1455 932 prospere

34 940 141 987 gesta
163 936 209 975 ad
232 941 429 981 senatum,
456 948 537 975 non
559 937 604 975 ad
629 936 859 976 dictatorem
881 936 1022 976 missae
1044 942 1321 989 argumentum
1344 937 1457 976 fuere

36 993 196 1033 mininie
217 1006 307 1033 cum
331 1007 375 1033 eo
399 993 727 1033 communicantis
751 994 897 1034 laudes.
948 994 999 1034 ita
1021 1000 1128 1033 certe
1150 994 1315 1034 dictator
1341 994 1378 1034 id
1398 995 1456 1034 fa—

34 1054 139 1089 ctum
163 1051 321 1102 accepit,
346 1056 389 1090 ut
410 1051 517 1090 laetis
539 1050 624 1090 aliis
641 1050 798 1090 victoria
820 1056 929 1103 parta
952 1064 1043 1103 prae
1067 1065 1109 1091 se
1125 1054 1246 1091 ferret
1267 1052 1363 1091 iram
1386 1051 1457 1091 tri-

33 1107 271 1159 stitiamque.
314 1108 434 1148 misso
466 1108 602 1160 itaque
629 1114 792 1159 repente
815 1112 956 1148 senatu
988 1121 1030 1148 se
1052 1122 1099 1148 ex
1121 1109 1227 1148 curia
1250 1109 1453 1161 proripuit,

34 1169 115 1203 tum
138 1177 229 1204 vero
262 1176 342 1204 non
363 1164 601 1205 Samnitium
634 1164 754 1216 magis
774 1165 949 1217 legiones
979 1179 1096 1217 quain
1128 1166 1373 1205 maiestatem
1397 1166 1456 1205 di—

33 1221 233 1261 ctatoriam
257 1225 294 1261 et
311 1222 554 1274 disciplinam
578 1222 787 1262 militarem
809 1235 829 1262 a
852 1223 1037 1274 magistro
1060 1223 1237 1275 equitum
1255 1224 1394 1263 victam
1420 1228 1458 1263 et

31 1291 205 1318 eversam
225 1279 416 1325 dictitans,
435 1280 467 1318 si
484 1279 536 1318 illi
554 1279 701 1331 inpune
719 1284 897 1331 spretum
914 1280 1123 1331 imperium
1141 1281 1290 1319 fuisset.
1325 1281 1457 1332 itaque

30 1335 393 1386 plenusnlinarum
415 1336 574 1388 iraeque
596 1339 794 1388 profectus
817 1336 856 1375 in
879 1342 1004 1377 castra
1026 1350 1115 1376 eum
1137 1337 1316 1377 maximis
1338 1337 1457 1377 itine-

29 1473 303 1515 {radantia-‚weil
313 1475 396 1508 doch
405 1475 707 1517 d.ganzeSchlacht

31 1520 198 1561 ungewiss
217 1520 271 1553 ist.
290 1540 332 1544 —-
351 1522 412 1562 bis,
431 1532 455 1554 s.
477 1533 505 1554 c.
525 1521 577 1562 33,
598 1521 705 1554 21.—-

29 1567 292 1609 antiquissimos,
310 1568 393 1599 nach
410 1567 431 1610 ξ
449 1567 469 1599 9
486 1565 610 1600 Fabius
628 1566 705 1600 Pic-

32 1617 96 1645 tor.
115 1630 157 1635 ——
177 1615 214 1645 at
231 1623 276 1644 eac
293 1615 329 1654 t.‚
347 1613 412 1646 wie
431 1622 466 1645 es
486 1613 559 1645 sich
578 1623 705 1646 erwar-

30 1663 84 1690 ten
102 1658 197 1690 liess.
217 1678 258 1681 —
286 1661 447 1701 cong-esta
465 1663 543 1701 etc.,
574 1660 626 1700 10,
651 1659 705 1700 29,

36 1703 90 1735 18:
124 1703 437 1746 spolia—coniecta
470 1706 503 1736 in
535 1715 706 1746 acervum,

32 1749 99 1790 vgl.
119 1749 173 1791 45,
192 1749 244 1790 33,
263 1750 354 1791 2308,
374 1750 404 1791 1,
422 1750 452 1782 6.
472 1768 512 1772 ——
540 1761 596 1782 seu
615 1750 700 1783 cred.

30 1794 84 1827 lib.
105 1794 154 1835 F„
171 1795 351 1835 cigentlich
368 1796 472 1828 sollte
489 1795 548 1828 der
560 1796 703 1829 hiervon

31 1839 217 1882 abhiingige
241 1841 318 1874 Satz
343 1842 415 1874 dem
439 1852 534 1882 vorg.
560 1842 622 1874 mit
647 1853 703 1874 seu

30 1888 328 1927 entgegenstehen:
347 1898 414 1927 seu,
432 1889 463 1919 si
478 1886 612 1920 credere
630 1887 707 1920 libet

29 1931 146 1973 Fabio,
164 1933 246 1964 oder
262 1944 332 1974 seu,
350 1933 387 1964 id
401 1932 490 1974 quod
501 1933 628 1966 Fabius
644 1944 705 1966 αα·

29 1979 102 2010 ctor
119 1981 178 2019 est,
196 1988 231 2011 eo
249 1980 460 2020 estfactum.
478 1997 522 2002 —
539 1979 654 2019 Fabio,
677 1981 704 2021 1,

29 2023 84 2063 44,
114 2023 152 2064 23
185 2035 196 2056 1
208 2023 357 2057 ielleicht
386 2034 458 2056 war
487 2035 552 2057 von
582 2024 704 2057 Fabius

32 2068 145 2101 Pictor
174 2070 257 2102 nach
285 2068 616 2103 Familienschriften
646 2071 706 2103 der

32 2113 155 2147 Fabier
182 2115 241 2147 der
269 2116 429 2157 voi-gang
457 2114 705 2149 ausffihrlicher

30 2160 170 2193 erzahlt.
187 2179 227 2184 —
249 2162 295 2193 cbz'
308 2162 406 2194 scrib.
419 2176 461 2187 =
475 2163 508 2193 z‘n
527 2163 569 2194 ι’ἰε
582 2163 703 2195 mseri-

32 2206 138 2248 beret,
157 2206 223 2248 vgl.
242 2206 296 2248 22,
318 2207 346 2247 1,
370 2207 424 2245 113
451 2206 584 2239 Cornel.
603 2207 701 2240 Paus.

38 2251 69 2283 1:
94 2251 553 2296 tripodem-epigranmzate
571 2255 703 2297 scripto,

32 2296 98 2338 vgl.
116 2296 190 2329 Liv.
211 2298 247 2338 2,
267 2298 328 2340 33,
353 2299 389 2330 9:
419 2308 522 2330 (tenea
551 2299 702 2331 columna

33 2342 242 2386 insculptum.
276 2343 343 2376 Der
359 2343 389 2376 N
393 2354 463 2377 ame
481 2344 604 2377 konnte
623 2345 701 2377 dar-

33 2385 91 2419 auf
104 2388 320 2428 geschrieben
338 2391 484 2430 werden,
503 2400 597 2422 wenn
616 2396 703 2424 etwa

33 2433 85 2465 die
95 2433 232 2476 Spolien
246 2434 426 2475 offentlich,
445 2435 477 2467 in
493 2436 598 2468 einem
607 2435 703 2469 Teni-

34 2478 86 2522 pel
104 2479 183 2511 oder
203 2490 241 2512 an
260 2481 406 2514 anderen
425 2479 604 2515 Gebiiuden
630 2481 703 2515 auf-

34 2525 173 2567 gehiingt
192 2526 336 2568 wurden,
355 2538 381 2559 s.
400 2526 454 2568 23,
470 2527 522 2570 23,
541 2529 582 2568 63
601 2529 702 2570 9‚40;

35 2569 87 2612 22,
107 2571 159 2613 57,
180 2572 238 2612 103
262 2572 345 2605 doch
362 2572 406 2606 ist
423 2573 508 2605 dann
526 2574 578 2607 die
596 2574 704 2608 Nach-

780 1476 930 1518 stellung
958 1476 1017 1508 der
1038 1476 1158 1510 Worte
1172 1478 1291 1520 ferret
1310 1478 1461 1511 stin-end.

780 1522 929 1554 weshalb
958 1522 1170 1555 Freinsheim
1204 1522 1258 1555 ein
1287 1521 1455 1565 Tropiium

781 1569 949 1608 vei-steht,
976 1569 1043 1610 vgl.
1065 1569 1099 1609 1,
1121 1568 1176 1607 10,
1205 1569 1240 1608 53
1271 1567 1350 1600 Tac.
1368 1568 1454 1601 Anu.

780 1614 888 1655 2,18;
911 1615 962 1654 15,
984 1613 1043 1653 183
1063 1614 1156 1646 Suet.
1175 1613 1270 1646 Caes.
1295 1614 1352 1649 11;
1373 1614 1459 1647 Ρ1111.

780 1662 811 1701 3,
830 1660 884 1699 20,
901 1660 983 1697 1363
1004 1659 1215 1701 ngPreller
1224 1658 1368 1703 Mythol.
1380 1660 1455 1692 208.

780 1724 821 1728 —
839 1706 968 1747 tristia,
987 1705 1125 1738 finstere
1143 1704 1298 1747 Strenge.

828 1796 985 1829 10—13.
1014 1796 1061 1828 (td
1074 1807 1158 1837 sen„
1188 1807 1258 1828 was
1293 1806 1355 1828 nur
1384 1797 1456 1829 dem

779 1842 1091 1875 commandirenden
1108 1841 1296 1875 Feldherrn
1320 1841 1455 1884 zukam,

781 1889 937 1920 wiihrend
960 1888 1020 1920 der
1045 1886 1305 1921 Unterseldherr
1328 1899 1391 1921 nur
1413 1899 1453 1920 au

779 1932 1107 1966 denoberfeldherrn
1116 1945 1156 1965 zu
1165 1933 1339 1967 herichten
1350 1935 1454 1977 hatte,

778 1980 849 2012 also
877 1979 950 2011 eine
968 1978 1150 2011 zweisache
1171 1980 1378 2022 Verletzung
1396 1980 1453 2012 des

779 2025 961 2057 Dictators.
984 2044 1025 2048 -
1043 2036 1117 2057 cum
1136 2035 1185 2065 60,
1203 2036 1229 2057 c.
1247 2025 1297 2066 14,
1312 2026 1352 2065 23
1373 2025 1454 2059 iiber

778 2072 836 2103 das
866 2070 988 2104 Pax-tic.
1009 2072 1307 2112 communicantis,
1342 2083 1368 2104 s.
1399 2072 1452 2113 26,

779 2117 833 2158 27,
855 2116 958 2149 16.—
976 2119 1050 2148 tum
1069 2127 1158 2150 vero:
1178 2117 1264 2149 daun
1282 2117 1332 2150 sei
1346 2117 1380 2150 in
1393 2118 1454 2150 der

778 2162 865 2195 That
882 2174 912 2194 u.
933 2173 959 2195 s.
979 2173 1019 2194 w.
1032 2187 1041 2202 ,
1069 2162 1115 2195 ist
1132 2163 1205 2196 dein
1224 2162 1451 2203 bedingenden

779 2208 896 2241 Satze:
913 2209 1114 2250 ,si-sitisset
1123 2209 1378 2250 vorangestellt,
1392 2209 1452 2240 wie

778 2254 810 2295 6,
843 2254 894 2294 14,
925 2255 954 2286 4.
985 2272 1027 2276 —-
1056 2256 1238 2297 maiestat.,
1268 2255 1298 2294 4,
1331 2254 1383 2295 14,
1412 2256 1450 2293 23

778 2299 915 2339 Becker,
935 2299 966 2340 2,
985 2300 1016 2339 2,
1037 2299 1088 2332 70.
1108 2318 1150 2323 —
1169 2302 1303 2341 rictam,
1321 2311 1385 2332 s.c.
1399 2300 1452 2342 28,

777 2345 807 2377 S.
839 2365 880 2368 —
917 2346 1133 2387 si—sm'sset
1162 2350 1246 2378 statt
1274 2346 1365 2378 eines
1391 2345 1451 2378 fut.

776 2395 883 2423 exact.
904 2390 937 2423 iu
956 2395 1041 2423 orat.
1061 2395 1170 2424 recta:
1195 2394 1227 2423 .ςί
1250 2393 1371 2435 inpane
1392 2392 1452 2432 fu-

777 2438 858 2477 erit,
888 2447 1003 2469 eversa
1019 2439 1082 2475 est,
1113 2448 1138 2469 s.
1159 2437 1217 2477 21,
1239 2438 1296 2475 43,
1317 2437 1351 2468 2:
1368 2438 1450 2468 ,vi-

775 2483 1009 2515 habueritis—
1025 2483 1173 2515 vicimum
1197 2502 1238 2505 -—
1263 2482 1312 2514 illi
1331 2484 1451 2522 geho'rt

777 2539 818 2560 zu
842 2529 965 2572 inpune
974 2528 1083 2570 suls&
1109 2547 1150 2551 -
1175 2530 1283 2569 itaque
1302 2528 1379 2568 geht
1396 2526 1455 2558 auf

778 2573 798 2616 ξ
818 2574 874 2607 10;
893 2576 981 2608 [ram
999 2578 1063 2607 etc.
1081 2573 1207 2606 zui-iick
1219 2598 1227 2614 ,
1251 2573 1370 2604 andei-s
1389 2574 1451 2605 ι’ίιι-

1488 607 1506 638 8

1487 779 1507 810 9

1487 889 1524 920 10

1487 1111 1521 1144 11

1488 1289 1525 1321 12
