1763 2983
190 1110 208 1140 5

189 1223 208 1255 6

166 1502 221 1540 22

694 136 816 169 LIBER
842 135 899 170 lx.
938 137 1030 170 CAP.
1060 137 1111 170 21.
1139 137 1190 168 22.
1402 146 1425 163 n.
1446 146 1471 164 u.
1492 137 1646 165 437439.

235 255 404 294 «pioque,
427 241 491 293 qui
513 254 553 280 se
575 240 659 280 sine
680 240 829 292 legibus
853 241 978 287 certis,
1002 241 1085 279 sine
1110 241 1396 292 magistratibus
1418 252 1528 292 agere
1551 253 1647 292 que-

235 300 434 345 rebantur,
464 298 540 337 dati
569 298 615 337 ab
646 303 785 336 senatu
811 298 857 336 ad
888 297 970 337 iura
999 298 1203 337 statuenda
1230 298 1348 350 ipsius
1378 297 1553 337 coloniae
1581 310 1649 350 pa-

238 356 358 395 troni:
383 367 456 394 nec
476 367 581 394 arma
604 354 720 393 modo
743 355 810 393 sed
832 354 912 394 iura
937 355 1051 394 etiam
1074 354 1248 394 Romana
1270 355 1344 394 late
1367 354 1571 406 pollebant.

348 413 387 451 C.
411 412 548 451 Iunius
578 411 774 450 Bubulcus
801 417 839 451 et
870 412 914 459 Q.
938 411 1122 451 Aemilius
1147 411 1310 451 Barbula
1339 411 1517 451 consules
1545 412 1649 450 exitu

233 469 322 510 anni
339 480 418 508 non
441 468 666 508 consulibus
688 468 734 507 ab
756 481 796 506 se
819 469 966 515 creatis,
999 470 1062 520 Sp.
1089 469 1227 507 Nautio
1257 469 1294 507 et
1316 469 1363 507 M.
1387 468 1557 519 Popilio,
1587 481 1650 507 ce—

234 533 364 566 terum
387 525 564 565 dictatori
586 524 627 564 L.
649 525 811 564 Aemilio
834 526 1004 577 legiones
1027 525 1283 564 tradiderunt.
1327 526 1358 564 is
1382 537 1470 564 eum
1493 524 1534 563 L.
1557 525 1650 564 Ful-

234 584 292 622 vio
325 583 508 634 magistro
540 582 719 634 equitum
752 582 957 621 Saticulam
993 593 1214 633 oppugnare
1246 582 1405 621 adortus
1440 580 1650 621 rebellandi

238 652 393 680 causam
418 640 657 679 Samnitibus
681 639 796 677 dedit.
839 639 977 690 duplex
1007 639 1094 678 inde
1122 644 1249 677 terror
1276 639 1420 678 inlatus
1447 638 1650 677 Romanis:

235 699 327 737 hinc
349 697 503 736 Samnis
525 708 666 747 magno
690 696 861 735 exercitu
883 701 1016 735 coacto
1039 696 1085 734 ad
1107 696 1334 734 eximendos
1357 695 1560 735 obsidione
1586 708 1650 734 so-

236 756 314 795 cios
338 754 437 794 haud
460 754 594 806 procul
619 754 754 792 castris
777 753 1043 792 Romanorum
1068 758 1191 791 castra
1212 753 1359 804 posuit,
1388 753 1479 791 hinc
1500 752 1650 791 Saticu-

235 812 313 851 lani
335 823 476 863 magno
506 823 592 849 eum
627 810 799 849 tumultu
828 810 1028 862 patefactis
1051 814 1215 861 repente
1243 809 1368 861 portis
1396 810 1436 848 in
1462 809 1651 848 stationes

236 869 409 909 hostium
433 869 694 907 incurrerunt.
727 867 818 905 inde
840 879 929 918 pars
950 872 1126 918 utraque,
1151 880 1217 919 spe
1241 867 1353 905 alieni
1378 866 1499 917 magis
1522 866 1651 905 auxilii

237 939 351 979 quam
370 925 515 964 viribus
536 924 634 963 freta
657 924 750 970 suis,
773 924 878 963 iusto
901 937 991 963 mox
1009 924 1155 976 proelio
1174 923 1268 963 inito
1286 924 1481 963 Romanos
1499 929 1650 973 urgent,

236 990 273 1023 et
290 994 527 1035 quamquam
544 993 688 1032 anceps
707 981 900 1020 dimicatio
917 987 1008 1028 erat,
1029 987 1157 1019 tamen
1174 982 1372 1032 utrimque
1388 985 1513 1020 tutam
1530 980 1650 1019 aciem

239 1041 400 1080 dictator
420 1038 565 1085 habuit,
589 1038 676 1089 quia
701 1043 739 1077 et
760 1038 888 1077 locum
910 1038 1012 1077 haud
1029 1037 1179 1077 facilem
1204 1039 1250 1077 ad
1268 1037 1651 1077 circumveniendum

239 1098 339 1149 cepit
361 1103 399 1135 et
421 1097 568 1135 diversa
590 1095 723 1134 statuit
744 1095 862 1145 signa.
910 1095 1088 1134 infestior
1107 1100 1239 1133 tamen
1260 1095 1300 1133 in
1318 1100 1568 1146 erumpentes
1590 1094 1653 1133 in-

234 1154 368 1201 cessit,
399 1166 471 1192 nec
492 1164 633 1203 magno
657 1152 870 1191 certamine
893 1152 991 1191 intra
1015 1151 1168 1190 moenia
1191 1152 1391 1203 conpulit,
1422 1157 1508 1190 turn
1532 1156 1653 1190 totam

238 1212 360 1252 aciem
382 1211 424 1249 in
447 1209 642 1249 Samnites
665 1209 842 1248 obvertit.
885 1209 935 1248 ibi
956 1210 1042 1261 plus
1065 1208 1288 1248 certaminis
1309 1209 1400 1255 fuit3
1424 1208 1580 1247 victoria
1601 1209 1653 1247 si-

241 1274 306 1309 cut
337 1281 434 1313 sera,
467 1267 518 1306 ita
550 1279 622 1305 nec
653 1266 766 1305 dubia
799 1277 868 1305 nec
903 1267 1001 1305 varia
1032 1266 1114 1304 fuit.
1155 1266 1229 1304 fusi
1250 1266 1289 1304 in
1310 1270 1432 1305 castra
1456 1265 1653 1304 Sanmites

239 1324 439 1366 exstinctis
462 1329 577 1363 nocte
597 1323 752 1374 ignibus
774 1323 890 1362 tacito
913 1323 1065 1373 agmine
1087 1323 1244 1367 abeunt,
1268 1328 1304 1361 et
1325 1335 1393 1374 spe
1415 1321 1562 1361 abiecta
1585 1322 1655 1361 Sa-

241 1383 378 1422 ticulae
402 1381 568 1420 tuendae
591 1380 785 1419 Plisticam
808 1380 894 1431 ipsi,
918 1380 1043 1419 socios
1061 1380 1344 1425 Romanorum,
1369 1384 1410 1418 ut
1426 1391 1559 1430 parem
1584 1379 1654 1418 do-

239 1441 362 1479 lorem
383 1437 488 1478 hosti
509 1438 730 1482 redderent,
755 1437 1049 1476 circumsidunt.

353 1496 466 1535 Anno
499 1495 732 1533 circumacto
764 1494 907 1533 bellum
940 1494 1121 1544 deinceps
1160 1493 1206 1532 ab
1239 1492 1425 1532 dictatore
1459 1492 1503 1539 Q.
1536 1492 1653 1531 Fabio

237 1559 390 1606 gestum
416 1557 494 1599 est,
524 1551 708 1590 consules
731 1551 833 1597 novi,
858 1550 957 1590 sicut
978 1551 1209 1602 superiores,
1232 1550 1377 1588 Romae
1400 1554 1652 1597 manserunt,

239 1669 297 1691 scu
315 1657 454 1689 Forsch.
477 1656 504 1695 1,
523 1655 587 1687 353
606 1666 635 1686 u.
657 1655 710 1686 54.
730 1674 771 1676 —
794 1657 910 1687 sine—
985 1654 1144 1686 drohcnd.
1163 1672 1199 1675 —
1217 1652 1359 1693 dz'versa,
1379 1653 1460 1685 nach
1477 1653 1560 1685 zwei
1580 1663 1655 1685 ver-

238 1714 343 1747 ager„
369 1703 441 1734 sich
458 1701 668 1741 vcrhielten,
692 1700 816 1741 lebten,
841 1712 866 1733 s.
885 1712 912 1732 c.
987 1700 1183 1731 schiedenen
1204 1698 1519 1739 Seitengewendct.
1549 1717 1590 1721 —
1621 1701 1653 1730 in

243 1751 296 1789 22,
320 1749 356 1788 33
382 1749 436 1787 25,
460 1748 497 1787 63
522 1747 575 1787 45,
603 1746 661 1784 103
694 1746 744 1786 10,
767 1748 793 1786 1,
814 1747 852 1783 43
873 1757 912 1778 zu
985 1756 1114 1788 mucmp.
1134 1745 1280 1784 incessit,
1305 1744 1373 1785 vgl.
1392 1745 1429 1784 4,
1455 1745 1513 1783 57,
1545 1744 1594 1775 10.
1613 1763 1654 1767 —-

242 1797 273 1836 3,
297 1797 346 1837 15,
366 1794 395 1825 8.
434 1792 478 1825 Es
504 1792 550 1823 ist
567 1792 624 1823 das
645 1796 736 1824 erste
753 1792 912 1834 Bcispiel‚
986 1793 1088 1830 intra,
1108 1790 1145 1830 3,
1163 1790 1199 1828 4,
1228 1789 1257 1821 8.
1289 1807 1331 1812 —-
1363 1791 1467 1829 varia,
1498 1789 1654 1831 nirgends

242 1843 317 1873 dass
358 1839 410 1871 die
451 1838 594 1870 Patrone
640 1837 736 1869 einen
776 1838 912 1870 solchen
986 1836 1229 1875 schwankend,
1249 1835 1284 1876 2,
1303 1834 1333 1875 6,
1357 1837 1394 1867 10
1414 1846 1444 1866 u.
1463 1845 1492 1866 a.
1517 1853 1560 1858 —-
1583 1835 1655 1877 fuit

243 1885 387 1926 Auftrag
405 1883 568 1922 erhalten,
588 1893 615 1914 s.
634 1881 702 1914 Cic.
719 1883 816 1915 Vei-r.
837 1883 866 1923 2,
882 1882 912 1921 2,

243 1932 296 1974 49,
318 1931 390 1962 122.
410 1948 452 1952 —
470 1939 527 1960 nec
544 1933 608 1960 etc.
628 1926 712 1960 fasst
730 1928 791 1960 den
805 1928 915 1961 Inhalt

244 1978 301 2008 des
321 1975 470 2018 Capitels
489 1983 690 2015 zusammen,
718 1984 743 2006 s.
768 1977 793 2016 1,
812 1975 866 2013 21,
885 1974 914 2005 6.

289 2015 461 2054 21—22.
502 2018 641 2061 litimpfe
674 2030 727 2051 uin
765 2019 916 2052 Saticula

246 2068 309 2100 und
327 2066 477 2098 Plistica.
506 2064 604 2096 Diod.
628 2065 676 2107 19,
697 2066 749 2097 72.

296 2113 390 2146 1-5.
438 2110 559 2142 λάαίίο
595 2110 753 2151 (Rutilo),
788 2109 916 2153 Popilio

245 2158 424 2200 (Laenale').
444 2175 485 2179 —-
504 2159 661 2196 ceteram,
680 2156 731 2196 28,
757 2159 806 2199 11,
824 2157 854 2188 7.
874 2175 914 2178 -—

244 2202 448 2243 Saticulam,
472 2203 508 2242 7,
528 2201 587 2242 323
612 2202 671 2234 der
696 2201 800 2244 lirieg
827 2201 918 2233 zieht

245 2251 314 2282 sich
338 2260 401 2280 von
434 2247 577 2290 Apulien
602 2248 685 2279 nach
703 2247 915 2290 Campanien.

248 2316 289 2319 —
308 2294 426 2336 rebell„
444 2294 505 2325 den
524 2290 630 2333 Hrieg
648 2294 775 2325 wieder
798 2304 839 2324 zu
861 2293 919 2324 be-

248 2342 378 2384 ginnen.
400 2360 441 2362 v
461 2337 647 2378 obsidione,
665 2338 784 2371 Cicero
804 2338 918 2370 wiirde

246 2388 285 2419 (le
308 2387 388 2418 oder
415 2396 459 2417 ea*
488 2382 703 2424 hinzugefiigt
733 2385 850 2416 haben.
877 2403 918 2406 —-

244 2433 475 2469 ale'em‘ss—sm's,
510 2430 613 2461 durch
645 2430 816 2461 Chiasnius
847 2429 919 2460 sind

247 2479 298 2509 die
307 2476 518 2517 Gegeusiitze
533 2474 785 2515 gehoben.—ec
805 2473 921 2516 kniipft

250 2524 307 2554 das
334 2522 619 2554 Nichterwartete
649 2531 700 2551 an.
732 2540 772 2542 —-
802 2531 922 2562 anceps

250 2570 324 2601 bier
358 2567 552 2611 cigentlich:
592 2577 653 2598 ton
688 2565 772 2598 zuei
807 2565 917 2597 Scitcu

988 1883 1115 1923 —sm't,
1134 1881 1164 1921 3,
1185 1882 1215 1920 5,
1235 1880 1483 1913 14.—Plz·stz·ea
1500 1881 1657 1912 westlich

987 1938 1038 1959 au]
1053 1927 1228 1959 Taburnus
1248 1927 1305 1958 hat
1323 1926 1394 1957 sich
1411 1937 1449 1958 an
1469 1926 1522 1958 die
1536 1925 1658 1957 Ro‘mer

988 1972 1247 2014 angesehlossen
1290 1972 1353 2002 und
1387 1971 1461 2003 eine
1494 1971 1657 2003 romische

989 2019 1186 2058 Besatzung.
1212 2036 1254 2040 -
1280 2019 1395 2057 socios,
1419 2017 1472 2058 23,
1496 2018 1546 2058 19,
1566 2017 1600 2057 23
1626 2017 1657 2057 6,

990 2064 1042 2104 30,
1061 2064 1092 2096 9.

1035 2104 1104 2142 29.
1142 2111 1166 2141 1.
1200 2108 1361 2151 deinceps,
1387 2118 1421 2140 es
1440 2118 1512 2140 war
1530 2108 1660 2139 wieder

990 2155 1043 2187 ein
1062 2154 1237 2196 Dictator,
1263 2154 1328 2186 wie
1347 2165 1375 2186 c.
1396 2154 1454 2193 213
1484 2153 1536 2186 die
1553 2152 1657 2185 Reihc

990 2201 1048 2233 der
1066 2200 1261 2232 Dictatoren
1292 2200 1406 2231 wurde
1424 2199 1517 2231 nicht
1544 2203 1658 2230 unter-

991 2247 1146 2278 brochen.
1172 2265 1213 2268 —
1243 2247 1321 2277 novi
1335 2255 1437 2285 cons„
1463 2244 1516 2276 die
1533 2243 1657 2276 Namen

990 2291 1165 2324 ‹lerselbcn
1190 2290 1226 2322 Lv
1254 2292 1415 2333 Papirius
1438 2292 1597 2331 quartum
1623 2290 1659 2330 0.

991 2337 1157 2370 Publslzssas
1171 2339 1328 2378 quartum
1347 2336 1417 2367 sind
1434 2336 1498 2366 wol
1513 2346 1577 2367 von
1593 2334 1660 2366 Ab·

991 2382 1184 2415 schreibcrn
1199 2382 1408 2423 'ribei-gangen
1419 2381 1565 2422 worden,
1575 2381 1659 2412 deun

992 2428 1215 2460 Cassiodorus
1231 2426 1321 2458 fiihrt
1335 2426 1506 2458 dieselben
1526 2436 1578 2465 an,
1596 2426 1659 2456 und

992 2476 1068 2506 dass
1092 2473 1129 2504 L.
1154 2473 1204 2505 sie
1229 2472 1374 2513 gekannt
1396 2471 1489 2512 habe,
1518 2471 1606 2511 zeigt
1629 2482 1656 2502 e.

994 2520 1046 2560 28,
1067 2520 1098 2559 2,
1123 2529 1174 2550 wo
1194 2517 1345 2559 Papirius
1363 2518 1516 2558 quintum
1536 2516 1658 2547 Consul

994 2566 1057 2607 ist,
1082 2565 1148 2604 vgl.
1173 2574 1200 2596 c.
1224 2564 1280 2605 15,
1309 2564 1363 2603 113
1390 2561 1482 2593 Nieb.
1508 2562 1543 2594 lt.
1570 2561 1608 2593 G.
1628 2563 1659 2602 3,
