1763 2983
86 201 113 221 a.
135 191 271 221 011293.
528 191 651 225 LIBER
677 191 722 225 X.
773 192 865 226 CAP.
891 194 945 226 41.
972 194 1026 226 42.
1418 194 1498 235 465

85 301 200 349 caput
222 296 320 335 elato
342 293 466 347 pergit
486 293 533 333 ad
556 299 730 346 portam,
748 295 872 335 secuti
894 295 954 334 alii
971 295 1166 336 testudine
1186 295 1285 336 facta
1301 296 1343 336 in
1363 296 1501 336 urbem

83 358 356 406 perrumpunt,
379 351 671 403 deturbatisque
695 352 938 392 Samnitibus
968 366 1066 405 quae
1095 353 1194 392 circa
1215 358 1369 406 portam
1392 359 1502 393 erant

84 411 184 450 muri
203 421 458 462 occupavere3
475 413 681 460 penetrare
703 409 743 447 in
760 409 943 449 interiora
967 410 1090 457 urbis,
1124 410 1213 462 quia
1235 411 1346 462 pauci
1362 411 1500 450 admo—

85 469 178 507 dum
203 473 324 513 erant,
346 478 424 505 non
446 465 603 505 audent.
645 466 748 505 Haec
763 466 891 517 primo
913 467 1090 518 ignorare
1109 469 1244 507 consul
1265 473 1303 506 et
1323 469 1498 508 intentus
1527 465 1581 504 42

85 524 312 576 recipiendo
345 522 530 562 exercitui
561 534 665 562 esse:
697 523 773 561 iam
805 524 911 563 euim
942 536 1128 576 praeceps
1160 525 1199 563 in
1232 538 1411 564 occasum
1444 525 1502 564 sol

83 587 176 627 erat,
199 587 237 620 et
253 581 440 632 adpetens
464 591 541 618 nox
558 579 774 631 periculosa
792 585 830 619 et
851 586 1032 632 suspecta
1056 581 1188 620 omnia
1210 582 1325 621 etiam
1347 581 1504 621 victori-

84 639 155 677 bus
177 638 351 677 faciebat.
394 648 624 688 progressus
646 637 798 687 longius
821 637 866 676 ab
885 638 1019 676 dextra
1037 643 1144 689 capta
1163 643 1289 678 rastra
1314 639 1430 685 videt,
1455 638 1500 677 ab

84 696 187 734 laeva
209 696 418 733 clamorem
439 693 479 732 in
499 694 594 732 urhe
616 694 783 733 mixtum
805 694 1064 746 pugnantium
1093 707 1137 733 ac
1167 695 1393 747 paventium
1421 695 1503 734 fre-

85 753 181 791 mitu
210 763 314 790 esse:
353 756 393 790 et
420 756 505 790 tum
535 751 637 789 forte
663 756 860 790 certamen
899 751 945 790 ad
982 756 1135 802 portam
1173 756 1266 790 erat.
1318 752 1502 791 advectus

83 808 224 847 deinde
242 821 345 860 equo
363 807 537 859 propius,
560 812 602 846 ut
620 819 712 846 suos
731 808 770 846 in
789 808 911 847 muris
930 808 1033 847 videt
1051 819 1123 847 nec
1139 808 1215 847 iam
1232 808 1376 860 integri
1395 808 1504 861 quie-

84 878 200 917 quam
223 878 322 911 esse,
347 864 530 916 quoniam
553 865 773 903 temeritate
795 877 1010 917 paucorum
1035 877 1198 916 magnae
1220 865 1278 904 rei
1305 871 1414 917 parta
1437 878 1504 905 oc-

84 923 184 961 casio
207 927 324 969 esset,
354 921 467 961 acciri
489 934 584 973 quas
600 928 799 974 receperat
830 923 960 974 copias
991 921 1179 974 signaque
1210 921 1251 960 in
1274 923 1412 962 urbem
1441 922 1505 961 in-

82 979 174 1018 ferri
195 978 320 1018 iussit.
358 978 520 1030 ingressi
538 979 725 1030 proxima,
749 992 791 1018 ea
807 985 928 1030 parte,
947 979 1036 1031 quia
1055 991 1132 1018 nox
1149 978 1502 1032 adpropinquabat,

84 1035 279 1088 quievere.
320 1041 434 1075 nocte
462 1035 649 1087 oppidum
678 1035 724 1075 ab
748 1036 930 1076 hostibus
962 1036 1164 1076 desertum
1197 1041 1268 1075 est.
1307 1049 1418 1076 caesa
1440 1036 1503 1075 illo

84 1093 144 1132 die
165 1092 213 1132 ad
233 1093 481 1144 Aquiloniam
505 1092 740 1132 Samnitium
771 1093 875 1133 milia
906 1106 953 1132 xx
976 1105 1111 1140 econ,
1143 1098 1253 1145 capta
1275 1106 1316 1132 111
1339 1106 1436 1132 Dccc
1468 1098 1507 1132 et

84 1163 168 1197 Lxx,
189 1150 300 1200 signa
320 1149 500 1189 militaria
521 1162 634 1188 xcvn.
673 1156 849 1189 ceterum
872 1150 965 1189 illud
987 1150 1199 1190 memoriae
1220 1150 1400 1197 traditur,
1422 1162 1504 1190 non

85 1207 208 1246 ferme
231 1207 351 1246 alium
372 1207 512 1245 ducem
534 1206 736 1245 laetiorem
767 1206 807 1246 in
829 1207 908 1246 acie
931 1206 1057 1246 visum
1080 1219 1151 1246 seu
1181 1211 1322 1258 suopte
1351 1206 1507 1257 ingenio

88 1275 158 1302 seu
180 1264 318 1303 fiducia
341 1263 443 1302 bene
464 1263 661 1315 gerundae
682 1263 750 1302 rei.
802 1263 848 1303 ab
879 1264 1019 1303 eodem
1052 1264 1195 1303 robore
1226 1263 1346 1303 animi
1377 1276 1506 1314 neque

89 1325 341 1359 controverso
363 1320 536 1371 auspicio
552 1319 725 1359 revocari
742 1333 761 1359 a
784 1320 934 1372 proelio
951 1322 1090 1372 potuit,
1123 1326 1161 1359 et
1190 1321 1231 1359 in
1255 1320 1338 1372 ipso
1370 1320 1509 1360 discri-

85 1377 206 1422 mine,
231 1389 308 1428 quo
332 1377 479 1428 templa
500 1377 581 1415 deis
602 1376 874 1417 inmortalibus
887 1378 1016 1417 voveri
1033 1390 1119 1417 mos
1138 1382 1232 1425 erat,
1255 1382 1413 1417 voverat
1430 1377 1508 1417 Iovi

87 1433 244 1480 Victori,
266 1433 298 1472 si
320 1434 491 1484 legiones
514 1434 687 1472 hostium
710 1433 887 1483 fudisset,
910 1435 1095 1486 pocillum
1118 1435 1245 1482 mulsi,
1276 1434 1508 1486 priusquam

84 1495 278 1529 temetum
301 1489 462 1537 biberet,
484 1502 569 1530 sese
589 1491 799 1533 iacturum.
839 1491 877 1531 id
900 1497 1033 1532 votum
1057 1493 1114 1532 dis
1138 1491 1244 1531 cordi
1266 1491 1353 1539 fuit,
1383 1496 1421 1530 et
1438 1503 1508 1532 au-

85 1547 201 1599 spicia
222 1547 263 1586 in
284 1546 430 1587 honum
456 1552 671 1587 verterunt.

85 1640 114 1671 5.
124 1640 412 1680 —quae—ynurz',
427 1638 478 1671 die
489 1639 605 1671 Mauer
613 1638 755 1671 ausbei-

85 1684 146 1715 den
163 1684 276 1716 Seiten
297 1684 354 1715 des
369 1683 508 1726 Thores,
522 1684 588 1716 wie
598 1684 641 1716 im
656 1683 752 1725 Folg.

85 1731 246 1761 interiora
263 1740 307 1769 ιι.,
331 1740 358 1761 c.
383 1729 437 1770 43,
462 1732 498 1769 ὃς
519 1730 548 1768 5,
568 1729 623 1770 29,
637 1730 656 1760 4
674 1741 704 1761 u.
724 1731 753 1762 'a

845 1639 1120 1681 Geistesanlage3
1151 1638 1286 1682 fiducia,
1304 1639 1362 1671 das
1380 1639 1510 1672 Selbst-

844 1690 1023 1717 vertrauen
1039 1685 1103 1717 und
1122 1685 1175 1717 die
1188 1684 1379 1717 Sicherheit
1391 1684 1423 1716 in
1439 1686 1511 1717 dem

845 1731 1020 1763 einzelnen
1039 1731 1146 1771 Falle,
1164 1730 1232 1772 vgl.
1251 1730 1283 1771 9,
1305 1731 1356 1770 16,
1379 1730 1416 1763 12
1427 1730 1448 1762 f.
1468 1749 1511 1754 —-

132 1769 203 1806 42.
247 1775 342 1806 1—4.
380 1776 559 1816 zgvzorare,
590 1785 627 1806 er
659 1775 752 1807 hatte

88 1820 174 1851 daun
192 1820 377 1863 iiberhaupt
395 1820 486 1852 nicht
503 1824 663 1862 gewusst,
681 1831 751 1852 was

85 1865 239 1907 geschah,
256 1876 281 1897 s.
301 1877 327 1897 c.
347 1866 402 1908 41,
419 1866 468 1897 11.
484 1875 705 1910 —praeceps,
720 1866 752 1905 4,

85 1913 116 1952 9,
145 1911 193 1944 13.
218 1930 260 1934 —
289 1910 374 1942 videt
402 1912 521 1953 gehiirt
549 1911 581 1942 in
611 1911 671 1943 der
692 1911 753 1943 Bc-

86 1956 231 1996 deutung
263 1957 497 1988 wahrnehmen
530 1957 614 1988 auch
644 1967 683 1988 zu
712 1957 753 1988 ab

85 2002 304 2042 laeva—esse,
328 2002 360 2042 6,
384 2002 438 2043 25,
463 2002 493 2033 9.
520 2021 562 2025 -—
582 2005 752 2046 pugnant.

84 2058 132 2079 ac.
144 2058 192 2091 p.,
206 2045 339 2090 Hampf-
354 2047 420 2079 und
433 2048 708 2089 Angstgeschrei,
726 2059 752 2080 s.

86 2094 117 2135 6,
135 2094 167 2133 4,
191 2094 221 2124 5.
245 2111 288 2116 —
312 2094 446 2135 integri,
470 2103 507 2124 er
529 2093 636 2125 ko'nne
661 2093 754 2125 nicht

85 2139 177 2170 mehr
201 2136 265 2170 frei
289 2136 462 2181 veringen,
485 2148 512 2170 s.
531 2139 585 2178 30,
612 2139 663 2180 12,
689 2139 750 2178 203

87 2186 118 2224 9,
146 2184 198 2224 16,
218 2184 248 2215 4.
267 2202 309 2206 -—
325 2185 486 2225 ingressi,
511 2184 593 2216 ohne
622 2183 753 2226 Rampf,

89 2240 115 2261 c.
141 2229 194 2271 41,
227 2230 275 2262 14.
306 2247 349 2252 —
379 2239 417 2260 ea
442 2232 553 2272 parte,
582 2234 666 2261 statt
695 2231 753 2262 des

86 2275 155 2306 hds.
172 2284 215 2305 ατ
226 2285 272 2318 p.,
285 2274 367 2306 weil
380 2284 453 2306 man
469 2275 754 2317 eineAndeutung

89 2324 259 2359 crwartet,
289 2320 364 2351 dass
383 2320 495 2352 dieser
511 2320 607 2352 Theil
624 2321 753 2353 hereits

90 2376 152 2397 von
165 2366 226 2397 deu
237 2364 378 2397 Ro'mern
391 2365 521 2398 besetzt
532 2376 685 2407 gewesen
696 2366 753 2398 sei.

134 2411 231 2442 5—7.
265 2413 365 2454 capta
378 2410 433 2443 ΙΙΙ
446 2422 475 2442 n.
494 2411 600 2452 milia,
615 2422 640 2443 s.
658 2424 685 2444 c.
700 2412 755 2454 29,

93 2455 149 2486 17:
165 2455 337 2496 o'ct0‚eben
347 2467 383 2488 so
393 2468 419 2488 c.
430 2457 483 2498 43,
496 2458 525 2489 8:
541 2457 676 2499 adIIII,
687 2458 754 2499 vgl.

91 2500 186 2533 Nieb.
201 2501 232 2542 3,
249 2501 333 2541 4623
354 2501 430 2534 Ihne
454 2502 482 2543 1,
503 2503 579 2535 400.
605 2521 647 2526 -—-
670 2506 757 2535 cete-

92 2556 169 2577 rum
182 2550 254 2588 etc„
271 2547 445 2590 vgl.,7,33,
458 2549 484 2580 1.
495 2566 536 2570 —-—-
548 2550 662 2592 suopte
677 2550 758 2591 ing„

96 2590 124 2630 1,
157 2591 208 2632 18,
231 2592 262 2632 4,
293 2592 347 2624 die
375 2592 562 2636 bleibende,
591 2594 657 2625 alle
686 2595 758 2626 ein-

94 2636 212 2668 zelnen
247 2636 507 2679 Eigenschaften
548 2638 757 2672 umfassende

163 2691 223 2720 Tit.
243 2691 310 2721 Liv.
331 2693 378 2720 111.
400 2696 422 2721 3,
444 2693 524 2723 Aufl.

844 1777 885 1808 ab
895 1776 962 1808 eod.
983 1787 1009 1809 ν.
1028 1787 1071 1818 α.,
1089 1786 1124 1808 es
1138 1775 1238 1818 gieng
1253 1786 1318 1808 von
1334 1775 1511 1808 derselben

844 1822 992 1863 Energie
1025 1832 1102 1863 aus,
1140 1821 1193 1854 dic
1227 1822 1298 1853 sich
1331 1821 1364 1853 in
1398 1821 1512 1854 seiner

845 1867 1068 1909 Freudigkeit
1085 1868 1279 1910 aussprach,
1296 1877 1324 1899 c.
1344 1866 1399 1908 31,
1416 1868 1453 1906 6;
1479 1867 1511 1909 3,

849 1913 898 1954 15,
928 1914 958 1945 7.
988 1931 1031 1936 —-
1065 1915 1260 1955 neque—et
1289 1913 1511 1956 entsprechen

844 1959 927 1990 sich.
946 1977 990 1981 —
1007 1960 1160 1991 revocari
1177 1963 1252 1999 etc„
1271 1958 1329 1989 der
1348 1969 1375 1990 c.
1396 1959 1451 1999 40,
1471 1958 1506 1990 1]

844 2004 1134 2046 ausgesprochene
1180 2003 1372 2036 Grundsatz
1419 2004 1511 2036 hatte

844 2050 917 2082 also
951 2050 1044 2082 nicht
1076 2060 1112 2082 so
1145 2049 1211 2082 fest
1244 2049 1438 2091 gestanden.
1469 2068 1512 2072 —

846 2095 989 2135 Victori,
1007 2106 1033 2127 c.
1054 2096 1107 2127 29.
1126 2113 1170 2118 —
1184 2094 1342 2138 pocillum.
1358 2105 1416 2137 m.,
1433 2094 1511 2137 „ein

845 2140 1013 2173 Gliischen
1067 2140 1266 2173 versiissten
1326 2139 1510 2182 Weines,“

844 2185 929 2219 Plin.
958 2187 1010 2228 14,
1030 2187 1081 2227 13,
1100 2186 1160 2225 913
1186 2185 1282 2219 Nieb.
1302 2186 1334 2226 3,
1349 2186 1432 2226 4593
1464 2188 1511 2217 te-

843 2234 979 2272 metum,
990 2232 1136 2274 starker,
1144 2230 1510 2273 ungemischterWein.

844 2277 910 2309 Das
936 2276 1049 2310 Ganze
1074 2277 1120 2309 ist
1142 2277 1345 2318 wenigsteus
1377 2277 1430 2309 ein
1453 2277 1513 2308 mit

845 2324 917 2356 (lem
966 2322 1066 2355 Gotte
1118 2323 1332 2364 getriebener
1378 2322 1512 2362 Scherz,

845 2378 941 2400 wenn
959 2369 1043 2401 auch
1061 2369 1153 2400 nieht
1170 2368 1277 2410 Spott,
1293 2378 1319 2399 s.
1338 2379 1364 2399 c.
1380 2368 1434 2407 40,
1454 2368 1511 2406 10;

846 2413 995 2446 Momms.
1019 2415 1047 2456 1,
1075 2414 1180 2447 176f..
1206 2413 1318 2454 Lange
1338 2413 1369 2455 2,
1395 2412 1448 2444 86.
1469 2430 1511 2435 -—-

844 2459 1034 2501 facturum,
1052 2460 1114 2492 mit
1131 2460 1203 2491 dem
1221 2458 1321 2490 Dativ
1340 2459 1400 2490 der
1413 2456 1513 2489 Gott-

846 2502 918 2537 heit
934 2506 1000 2536 und
1018 2506 1091 2537 dem
1104 2504 1207 2547 Opfer
1221 2504 1264 2535 im
1279 2503 1399 2535 Aecus.
1419 2503 1513 2544 (oder

847 2549 936 2591 Abl.)
963 2551 1045 2583 oder
1069 2551 1174 2583 einem
1199 2559 1265 2582 von
1291 2548 1408 2581 beiden
1435 2558 1513 2581 ver-

847 2595 977 2628 bunden
1011 2596 1059 2629 ist
1089 2596 1203 2639 facere
1233 2609 1279 2623 =--
1311 2593 1437 2638 opsern.
1470 2611 1513 2618 -

848 2640 949 2682 cordi,
967 2642 998 2683 6,
1016 2642 1049 2684 9,
1066 2641 1096 2674 3.

1187 2698 1233 2733 30
