1763 2983
248 179 327 218 476
824 177 1081 211 PERIOCHAE,

250 291 342 323 quem
362 281 431 322 ipse
451 286 562 322 postea
583 281 672 321 tulit,
691 286 721 313 et
741 291 780 312 ex
800 291 838 312 eo
856 281 1044 325 Torquatus
1062 287 1113 314 est
1131 288 1347 324 nuncupatus.
1375 283 1457 314 duae
1475 282 1582 314 tribus
1600 283 1659 314 ad-

246 328 346 365 ditae,
367 326 539 368 Pomptina
558 331 591 358 et
604 326 762 358 Publilia.
792 326 948 359 Licinius
966 327 1060 360 Stolo
1081 328 1152 369 lege
1169 328 1209 359 ab
1226 330 1299 370 ipso
1319 328 1387 360 lata
1406 329 1578 360 damnatus
1597 334 1657 369 est,

246 372 330 414 quod
348 372 423 413 plus
442 371 632 414 quingentis
651 371 822 413 iugeribus
842 373 915 412 agri
934 374 1130 415 possideret.
1157 373 1200 406 M.
1222 374 1380 406 Valerius
1397 374 1552 407 tribunus
1570 374 1659 406 mili-

245 423 314 449 tnm
323 415 467 456 Gallum,
479 426 497 447 a
511 427 573 459 quo
587 422 790 459 provocatus
799 422 882 458 erat,
892 418 1057 451 insidente
1070 417 1186 459 galeae
1194 428 1297 451 corvo
1308 419 1513 460 etunguibus
1523 424 1659 452 rostro—

245 473 307 505 que
326 463 453 494 hostem
477 462 657 495 infestante
676 463 802 495 occidit
821 468 853 495 et
876 474 916 495 ex
942 475 979 495 eo
999 464 1138 496 Corvini
1163 475 1279 496 nomen
1309 465 1448 506 accepit,
1480 465 1659 507 consulque

245 508 396 551 proximo
415 518 512 547 anno,
543 519 614 540 cum
644 519 746 540 annos
774 507 885 541 XXIII
908 510 1055 546 haberet,
1086 509 1126 541 ob
1155 510 1315 542 virtutem
1339 515 1472 542 creatus
1490 515 1549 542 est.
1579 511 1660 542 ami-

246 554 328 586 citia
358 564 430 585 cum
449 554 786 594 Carthaginiensibus
816 555 928 587 iuncta
953 561 1013 587 est.
1040 555 1196 597 Campani
1221 566 1292 587 cum
1310 566 1328 586 a
1346 555 1550 588 Samnitibus
1570 555 1658 587 bello

246 604 456 639 urgerent-ur,
486 599 615 631 auxilio
645 600 808 632 adversus
831 610 887 632 eos
911 610 929 632 a
948 606 1065 632 senatu
1082 601 1199 642 petito,
1218 611 1290 632 cum
1308 601 1340 632 id
1360 613 1423 633 non
1442 601 1658 643 inpetrarent,

245 646 357 676 urbem
376 649 412 676 et
429 655 528 685 agros
546 645 666 689 populo
685 645 828 677 Romano
857 646 1063 678 dediderunt.
1103 647 1142 677 ob
1166 656 1261 688 quam
1288 656 1420 678 causam
1437 657 1486 686 ea,
1505 657 1586 689 quae
1604 657 1661 689 po-

245 691 316 732 puli
334 689 472 721 Romani
499 689 587 722 facta
617 696 738 731 essent,
769 690 900 723 defendi
930 692 1016 723 bello
1049 692 1210 723 adversus
1233 691 1397 723 Samnites
1424 692 1559 734 placuit.
1587 703 1659 724 cum

245 737 284 767 ab
304 736 341 767 Α.
360 735 518 768 Cornelio
539 736 676 768 consule
695 737 863 769 exercitus
888 737 920 769 in
949 737 1055 769 locum
1082 737 1206 769 inicum
1224 737 1385 769 deductus
1403 737 1436 768 in
1454 747 1571 778 magno
1591 738 1661 769 dis-

246 781 385 813 crimine
403 786 502 821 esset,
521 782 555 813 P.
575 781 654 814 Deci
672 782 779 814 Muris
797 782 925 814 tribuni
951 783 1094 814 militum
1111 793 1211 825 opera
1230 788 1386 814 servatus
1405 788 1467 824 est,
1490 783 1546 825 qui
1564 794 1661 815 oceu-

246 832 321 868 pato
342 827 429 858 colle
446 837 547 869 super
565 827 597 859 id
617 829 739 869 iugum,
767 828 799 859 in
818 839 879 870 quo
899 828 1064 860 Samnites
1083 828 1317 867 consederant,
1347 828 1555 860 occasionem
1582 839 1661 860 con-

246 872 311 903 suli
330 873 363 904 in
382 873 573 914 aequiorem
603 873 710 905 Iocum
728 874 890 905 evadendi
922 874 1032 906 dedit:
1064 874 1134 916 ipse
1164 874 1204 905 ab
1234 874 1387 906 hostibus
1418 874 1660 906 circumsessus

245 919 363 960 erupit.
392 929 464 950 cum
484 918 609 950 milites
627 918 776 957 Romani,
807 919 862 961 qui
881 919 1010 961 Capuae
1038 920 1068 951 in
1101 918 1269 961 praesidio
1288 919 1403 952 relicti
1422 925 1527 959 erant,
1548 919 1587 951 de
1605 930 1656 952 oc-

245 964 393 1005 cupanda
413 964 492 995 urbe
510 965 772 1005 conspirassent,
792 969 825 996 et
842 965 972 996 detecto
993 965 1136 996 consilio
1155 969 1243 996 metu
1262 965 1407 1007 supplici
1426 976 1443 996 a
1460 965 1580 1007 populo
1596 964 1661 997 Ro-

243 1019 338 1041 mano
358 1008 569 1041 defecissent.
600 1020 657 1052 per
675 1010 717 1041 M.
738 1010 909 1042 Yalerium
927 1010 1071 1042 Corvum
1101 1011 1310 1049 dictatorem,
1340 1011 1395 1053 qui
1426 1010 1568 1043 consilio
1598 1021 1658 1042 suo

245 1065 301 1087 cos
320 1065 338 1086 a
356 1053 470 1086 furore
487 1060 718 1093 revocaverat,
739 1055 868 1096 patriae
889 1055 1041 1087 restituti
1061 1060 1146 1087 sunt.
1181 1065 1233 1087 res
1251 1061 1425 1098 praeterea
1444 1061 1559 1088 contra
1578 1057 1662 1088 Her-

245 1100 338 1132 nicos
357 1105 390 1132 et
407 1100 525 1132 Gallos
543 1105 576 1132 et
593 1100 752 1132 Tiburtes
772 1105 803 1131 et
823 1100 1041 1133 Privernates
1065 1106 1099 1134 et
1115 1100 1377 1143 Tarquinienses
1395 1106 1428 1135 et
1444 1101 1609 1134 Samnites
1628 1107 1661 1134 et

245 1145 390 1179 Vulscos
407 1155 567 1188 prospere
583 1151 697 1187 gestas
716 1146 877 1179 eontinet.

797 1345 866 1379 EX
889 1344 983 1379 LIB.
1001 1345 1109 1380 VIII.

337 1439 451 1472 Latini
470 1450 541 1471 cum
560 1439 734 1481 Campanis
754 1437 916 1480 defecere,
935 1444 967 1471 et
983 1440 1098 1472 missis
1122 1440 1244 1481 legatis
1261 1440 1302 1472 ad
1321 1444 1471 1472 senatum
1491 1440 1662 1472 condicio-

247 1497 317 1517 nem
336 1486 496 1524 tulerunt,
516 1490 561 1524 ut,
582 1485 610 1517 si
629 1495 741 1526 pacem
758 1485 880 1516 habere
899 1485 1035 1526 vellent,
1054 1486 1197 1518 alterum
1216 1496 1256 1517 ex
1274 1486 1406 1518 Latinis
1426 1486 1594 1518 consulem
1612 1484 1662 1516 sa-

246 1537 377 1569 cerent;
399 1541 459 1574 qua
478 1531 646 1571 legatione
664 1530 793 1572 perlata
823 1536 958 1572 praetor
981 1541 1094 1563 eorum
1112 1531 1240 1563 Annius
1269 1532 1308 1563 de
1326 1531 1493 1574 Capitolio
1521 1531 1570 1563 ita
1585 1542 1662 1573 pro—

245 1578 358 1619 lapsus
377 1582 439 1616 est,
458 1581 494 1608 ut
512 1576 783 1608 exanimaretur.'
799 1575 836 1607 T.
848 1576 993 1608 Manlius
1012 1577 1129 1609 consul
1147 1577 1262 1616 filium,
1280 1578 1364 1619 quod
1383 1582 1501 1609 contra
1518 1577 1661 1608 edictum

246 1623 318 1655 eins
337 1623 500 1654 adversus
515 1622 655 1654 Latinos
670 1627 889 1664 pugnaverat,
908 1623 1057 1664 quamvis
1076 1633 1234 1665 prospere
1252 1627 1441 1665 pugnasset,
1461 1622 1571 1653 securi
1587 1632 1661 1663 per-

246 1669 362 1700 cussit.
391 1668 620 1699 laborantibus
640 1668 673 1698 in
700 1667 772 1699 acie
790 1667 945 1699 Romanis
964 1668 997 1699 P.
1018 1668 1150 1707 Decius,
1180 1673 1259 1700 tunc
1289 1668 1406 1700 consul
1432 1678 1505 1700 eum
1522 1667 1661 1708 Manlio,

246 1714 385 1745 devovit
404 1724 438 1745 se
454 1724 513 1755 pro
534 1713 687 1745 exercitu
720 1718 762 1752 et,
795 1713 963 1745 concitato
993 1724 1075 1756 equo
1100 1724 1172 1745 cum
1190 1713 1223 1744 in
1241 1713 1367 1745 medios
1385 1714 1498 1745 hostes
1518 1723 1552 1744 se
1574 1713 1662 1745 intu-

245 1761 354 1799 lisset,
375 1758 573 1791 interfectus
592 1764 698 1791 morte
716 1769 775 1790 sua
794 1757 950 1790 Romanis
980 1759 1160 1791 victoriam
1184 1759 1346 1791 restituit.
1387 1758 1501 1790 Latini
1519 1758 1553 1790 in
1571 1758 1662 1790 dedi-

245 1806 367 1837 tionem
391 1810 565 1837 venerunt.
603 1803 640 1836 T.
660 1804 786 1836 Manlio
813 1804 846 1835 in
871 1805 984 1836 urbem
1002 1815 1139 1837 reverso
1159 1815 1251 1836 nemo
1276 1814 1317 1836 ex
1337 1805 1512 1837 iuventute
1531 1804 1663 1836 obviam

247 1851 422 1893 processit.
462 1850 613 1882 Minucia
643 1851 741 1890 virgo
760 1850 910 1883 Vestalis
930 1851 1051 1882 incesti
1070 1851 1222 1882 damnata
1247 1855 1307 1882 est.
1347 1850 1539 1882 Ausonibus
1557 1849 1662 1881 victis

248 1898 278 1929 in
305 1897 458 1939 oppidum
476 1906 516 1927 ex
537 1896 586 1928 eis
605 1902 735 1938 captum
754 1897 850 1927 Cales
871 1896 1003 1927 colonia
1021 1897 1162 1928 deducta
1186 1900 1254 1936 est,
1284 1896 1363 1928 item
1381 1895 1555 1935 Fregellae
1572 1895 1665 1927 colo-

247 1943 300 1974 nia
319 1943 460 1973 deducta
479 1947 540 1973 est.
579 1942 776 1973 veneficium
795 1941 1004 1983 conplurium
1023 1947 1249 1973 matronarum
1268 1942 1505 1983 deprehensum
1530 1946 1591 1979 est,
1621 1950 1661 1971 ex

247 1988 364 2030 quibus
384 1987 544 2029 plurimae
564 1988 680 2019 statim
705 1987 812 2029 epotis
842 1987 1116 2019 medicaminibus
1145 1988 1326 2029 perierunt.
1366 1987 1420 2018 lex
1444 1986 1482 2018 de
1500 1986 1660 2018 veneficio

244 2039 322 2066 tunc
340 2033 481 2075 primum
499 2033 685 2065 constituta
703 2036 765 2064 est.
804 2032 1070 2071 Privernatibus,
1101 2044 1173 2064 cum
1191 2033 1422 2071 rebellassent,
1453 2032 1556 2064 victis
1576 2031 1662 2063 civi-

245 2084 297 2110 tas
316 2079 392 2110 data
411 2083 471 2109 est.
509 2078 725 2119 Neapolitani
744 2077 831 2109 bello
863 2083 895 2109 et
920 2078 1094 2110 obsidione
1113 2078 1198 2110 victi
1216 2078 1249 2109 in
1268 2078 1468 2110 deditionem
1486 2082 1660 2108 venerunt.

247 2126 283 2166 Q.
305 2123 461 2161 Publilio,
481 2123 536 2165 qui
555 2134 611 2155 eos
630 2124 818 2159 obsederat.v
838 2123 943 2165 primo
964 2128 996 2155 et
1011 2123 1183 2166 imperium
1201 2124 1367 2166 prolatum
1385 2128 1437 2155 est
1456 2128 1487 2155 et
1506 2133 1565 2165 pro
1584 2133 1662 2154 con-

245 2170 317 2201 sule
335 2169 522 2210 triumphus
541 2170 708 2201 decretus.
744 2168 838 2211 plebs
858 2179 944 2200 nexu
967 2170 1110 2201 liberata
1132 2174 1184 2201 est
1207 2173 1346 2211 propter
1363 2168 1399 2200 L.
1419 2168 1533 2210 Papiri
1552 2168 1662 2199 eredi-

246 2216 333 2247 toris
352 2215 534 2253 libidinem,
555 2215 610 2256 qui
629 2216 663 2247 C.
680 2214 825 2246 Publilio
845 2215 991 2246 debitori
1010 2226 1068 2246 suo
1088 2219 1237 2256 stuprum
1255 2213 1381 2246 inferre
1396 2214 1561 2246 voluerat.
1590 2224 1661 2245 cum

248 2262 282 2292 L.
302 2260 457 2302 Papirius
475 2260 600 2291 Cursor
618 2261 764 2292 dictator
782 2269 941 2291 reversus
971 2260 1001 2291 in
1034 2261 1146 2291 urbem
1176 2261 1216 2292 ab
1246 2260 1401 2292 exercitu
1419 2264 1509 2291 esset
1526 2264 1663 2302 propter

247 2306 397 2349 auspicia
415 2306 606 2347 repetenda,
630 2306 666 2347 Q.
688 2305 811 2337 Fabius
829 2305 990 2345 magister
1018 2306 1176 2347 equitum,
1202 2305 1379 2338 occasione
1396 2306 1478 2337 bene
1494 2305 1661 2345 gerendae

247 2353 297 2384 rei
315 2352 492 2391 invitatus,
522 2356 639 2383 contra
654 2351 799 2383 edictum
829 2351 900 2382 eius
930 2361 1087 2394 prospere
1117 2352 1279 2383 adversus
1296 2350 1463 2382 Samnites
1487 2350 1660 2392 pugnavit.

249 2399 289 2429 ob
315 2408 385 2429 eam
409 2407 542 2429 causam
561 2408 632 2429 eum
652 2397 798 2428 dictator
828 2396 867 2427 de
886 2397 1048 2437 magistro
1079 2398 1225 2439 equitum
1256 2396 1454 2439 supplicium
1472 2400 1662 2438 sumpturus

249 2444 431 2484 videretur,
461 2442 584 2474 Fabius
614 2442 747 2474 Romam
778 2440 926 2484 profugit
956 2447 998 2481 et,
1030 2452 1103 2474 cum
1132 2453 1247 2484 parum
1273 2452 1371 2474 causa
1390 2441 1575 2484 proficeret,
1604 2451 1662 2482 po-

247 2488 317 2532 puli
334 2489 491 2530 precibus
509 2489 652 2521 donatus
672 2493 734 2521 est.
772 2497 828 2519 res
852 2493 1027 2530 praeterea
1052 2492 1169 2519 contra
1188 2488 1354 2520 Samnites
1372 2496 1530 2529 prospere
1547 2491 1661 2526 gestas

251 2534 411 2566 continet.
