1763 2983
720 158 846 191 LIBER
870 158 914 191 X.
964 157 1057 191 CAP.
1085 157 1138 191 46.
1480 164 1505 185 a.
1527 167 1555 185 u.
1577 157 1645 185 461.

231 160 311 200 472

229 268 350 303 terem
371 268 566 302 auctorem
586 261 753 309 invenio,
772 273 898 313 neque
915 260 1071 301 hercule
1088 266 1168 301 tam
1180 261 1317 312 exiguo
1335 266 1510 314 tempore
1525 264 1644 314 perli-

229 332 315 360 cere
324 319 536 371 potuisset:
554 318 601 358 ab
611 319 800 358 dictatore
809 324 920 370 patre
930 324 1059 358 votam
1072 318 1173 358 filius
1186 319 1321 358 consul
1331 318 1520 359 dedicavit
1529 332 1644 360 exor-

180 387 198 418 S
229 377 412 428 nat-itque
437 376 607 415 hostium
633 375 789 427 spoliis3
819 388 988 427 quorum
1018 381 1125 414 tanta
1149 375 1360 416 multitudo
1384 376 1470 423 fuit,
1496 381 1540 416 ut
1564 389 1642 416 non

229 433 420 485 templum
442 438 592 472 tantum
614 433 825 484 forumque
852 432 898 472 iis
920 438 1140 479 ornaretur,
1173 432 1241 471 sed
1262 432 1375 472 sociis
1399 432 1515 472 etiam
1536 434 1644 473 colo-

229 490 368 541 nisque
390 490 582 529 finitumis
604 489 650 528 ad
666 490 902 541 templorum
920 489 1175 540 locorumque
1195 489 1444 540 publicorum
1462 496 1643 530 ornatum

179 558 199 590 9
231 547 511 586 dividerentur.
544 546 590 585 ab
612 546 813 598 triumpho
836 546 1049 586 exercitum
1071 547 1110 584 in
1139 558 1275 597 agrum
1296 546 1523 594 Vescinum,
1555 547 1644 599 quia

231 604 337 656 regio
361 616 405 643 ea
426 603 567 643 infesta
589 603 635 642 ab
658 602 899 643 Samnitibus
921 609 1015 650 erat,
1038 602 1289 642 hibernatum
1312 602 1433 642 duxit.

284 660 391 700 Inter
426 660 522 708 haec
543 660 730 700 Carvilius
759 661 894 699 consul
922 660 962 699 in
984 659 1141 699 Etruria
1162 659 1340 698 Troilum
1369 660 1542 711 primum
1572 674 1643 712 op-

227 729 400 770 pugnare
430 717 589 757 adortus
611 717 1031 763 ccecnxxditissimos,
1064 716 1230 768 pecunia
1259 716 1396 768 grandi
1424 723 1569 768 pactos,
1602 723 1646 757 ut

158 785 193 817 11
227 774 334 814 abire
365 774 455 813 inde
483 773 633 820 liceret,
663 773 824 820 dimisit,
855 780 1023 813 ceteram
1053 773 1347 812 multitudinem
1377 774 1645 826 oppidumque

226 831 357 883 ipsum
382 832 417 870 vi
438 831 553 882 cepit.
585 830 674 870 inde
697 831 869 882 quinque
889 830 1043 870 castella
1065 830 1158 869 locis
1177 830 1250 869 sita
1267 831 1426 870 munitis
1448 843 1645 883 expugna-

159 673 198 704 10

159 900 198 933 12
228 888 292 927 vit.
326 900 437 928 caesa
458 887 512 927 ibi
533 887 710 927 hostium
732 901 759 926 11
782 888 885 926 milia
907 900 1007 934 cecc,
1032 887 1162 927 minus
1184 900 1211 926 ll
1233 887 1337 926 milia
1358 887 1472 939 capti.
1513 894 1550 927 et
1570 888 1598 926 F
1601 901 1644 927 a·
1693 904 1699 906 -
1743 871 1746 896 l

226 944 330 984 liscis
347 957 483 996 pacem
500 945 723 996 petentibus
745 955 895 983 annuas
913 944 1081 983 indutias
1105 944 1223 990 dedit,
1244 950 1380 995 pactus
1398 957 1417 982 c
1434 944 1538 984 milia
1556 957 1643 996 gra-

160 1013 198 1045 13
229 1001 285 1040 vis
315 1002 414 1041 aeris
445 1006 483 1040 et
511 1002 748 1053 stipendium
779 1001 864 1039 eius
893 1001 985 1040 anni
1006 1001 1207 1040 militibus.
1246 1000 1307 1040 his
1335 1001 1453 1041 rebus
1481 1002 1575 1041 actis
1596 1002 1644 1040 ad

228 1058 472 1110 triumphum
496 1057 675 1104 decessit,
698 1063 742 1096 ut
763 1057 893 1096 minus
915 1057 1063 1097 clarum
1094 1058 1139 1096 de
1162 1057 1403 1097 Samnitibus
1426 1071 1542 1110 quam
1564 1058 1644 1098 col-

161 1128 199 1160 14
228 1115 334 1166 legae
356 1115 578 1166 triumphus
601 1114 739 1161 fuerat,
760 1115 812 1153 ita
830 1115 985 1154 cumulo
1004 1114 1161 1154 Etrusci
1181 1114 1271 1153 belli
1291 1120 1514 1166 aequatum.
1547 1115 1646 1154 aeris

227 1172 352 1223 gravis
376 1171 464 1211 tulit
484 1172 522 1210 in
545 1171 736 1210 aerarium
760 1184 927 1210 CCCLxxx
939 1171 1066 1218 milia,
1088 1171 1239 1222 reliquo
1261 1184 1349 1211 aere
1371 1172 1506 1210 aedem
1518 1171 1646 1211 Fortis

228 1229 421 1269 Fortunae
454 1229 501 1267 de
523 1228 717 1267 manubiis
739 1228 957 1268 faciendam
980 1228 1117 1267 locavit
1147 1241 1269 1280 prope
1289 1228 1424 1267 aedem
1446 1229 1530 1268 eius
1553 1229 1645 1270 deae

229 1342 280 1363 wo
295 1332 379 1364 nach
394 1332 425 1372 4,
437 1332 477 1364 21
505 1332 607 1363 sehon
622 1331 676 1363 ein
686 1331 823 1374 Tempel
841 1332 898 1363 des

230 1377 392 1419 Quirinus
411 1378 518 1419 stand,
544 1377 603 1408 der
622 1376 709 1417 jetzt
725 1377 900 1409 vielleicht

230 1423 357 1455 wieder
373 1422 575 1463 hergestellt
593 1423 729 1454 worden
756 1423 811 1461 ist,
830 1422 898 1463 vgl.

231 1468 315 1500 Plin.
332 1469 361 1508 7,
381 1469 436 1509 60,
454 1468 538 1501 213:
561 1470 721 1510 princeps
738 1467 900 1500 Romanis

231 1514 396 1546 solarium
413 1513 626 1555 horologium
644 1515 806 1545 statuisse
823 1516 902 1545 ante

231 1559 404 1592 Manuos
433 1570 531 1601 quam
557 1569 631 1590 cum
659 1560 771 1601 Pyrro
801 1559 899 1591 bella-

232 1607 302 1637 tum
311 1607 363 1636 ost
370 1604 416 1636 ad
422 1604 535 1636 aedem
548 1604 901 1648 Quz'rz'niL.Paptrt'uS,

235 1650 371 1692 Cursor,
396 1661 472 1683 cum
494 1661 566 1682 eam
593 1649 760 1682 dedicaret
785 1661 806 1681 a
827 1660 902 1694 pa-

233 1698 297 1728 tre
324 1706 395 1727 suo
423 1699 542 1735 votam,
574 1715 615 1718 —
641 1695 810 1738 proditur,
833 1695 902 1736 vgl.

233 1740 361 1773 Becker
390 1742 416 1783 1,
441 1742 523 1780 5703
550 1742 609 1773 der
627 1741 698 1782 Tag
724 1742 783 1773 der
802 1741 902 1773 Dedi—

234 1786 346 1819 cation
364 1797 436 1819 war
454 1787 514 1819 der
532 1786 667 1819 29.1un.
685 1786 762 1819 CIL.
780 1787 903 1819 395.—

233 1835 301 1864 {am
321 1834 426 1874 eoee'gz,
453 1833 612 1864 wfahrend
630 1833 687 1864 (les
706 1832 902 1874 Feldzuges.

235 1897 277 1901 ——
316 1877 478 1910 dedicavit
519 1878 650 1910 scheint
690 1877 902 1917 wiederholt,

237 1923 316 1955 weil
334 1923 370 1955 L.
389 1924 449 1956 der
469 1922 627 1955 Gedanke
653 1924 904 1955 vorschwebte:

236 1969 402 2001 vielmehr
418 1969 475 2000 hat
493 1979 530 2000 er
547 1969 604 2000 ihn
633 1969 789 2010 geweiht,
815 1969 855 2001 da
873 1979 903 2000 u.

236 2024 263 2046 s.
281 2025 342 2053 w,
377 2025 438 2046 zur
469 2015 574 2046 Sache
609 2026 635 2046 s.
667 2014 720 2054 29,
756 2017 807 2053 11,
847 2014 903 2052 133

237 2059 341 2102 Mai-q.
361 2060 393 2099 4,
412 2059 535 2091 224-
547 2060 695 2101 forumq.
712 2065 789 2101 etc.,
804 2060 836 2101 9,
849 2060 903 2097 40,

242 2106 291 2137 16.
313 2123 355 2127 -
376 2106 478 2136 sociis
495 2117 519 2136 e.
542 2110 617 2143 etc„
644 2115 714 2137 was
739 2105 813 2137 hier
836 2104 905 2136 bei-

236 2150 338 2191 l‘ziufig
371 2150 523 2182 eru-'ahnt
554 2151 657 2190 wird,
690 2162 762 2183 war
795 2151 905 2181 wahr-

237 2195 424 2227 scheinlich
443 2196 648 2238 wenigstens
673 2196 706 2228 in
722 2196 832 2237 Bezug
849 2193 909 2227 auf

236 2241 289 2272 die
305 2240 487 2284 Campaner
503 2242 721 2282 gewo'hnlicm
737 2244 767 2280 9,
784 2243 835 2280 40,
855 2241 904 2282 17,

235 2286 348 2327 Lange
366 2287 397 2327 2,
418 2286 498 2325 11ος
519 2287 570 2319 79.
586 2306 628 2309 ——
647 2287 769 2318 colonis
791 2286 858 2318 wie
876 2297 903 2317 c.

237 2332 289 2370 21,
310 2332 340 2364 9.
371 2351 413 2355 -—
444 2332 484 2363 ab
501 2334 557 2374 tr„
583 2332 731 2372 soglcich
755 2333 848 2370 nach,
876 2342 903 2363 s.

237 2389 264 2409 c.
284 2376 337 2419 31,
365 2377 394 2409 3.
414 2396 457 2400 ——
476 2377 671 2418 Vesetnum,
698 2378 763 2410 wie
790 2389 817 2409 c.
844 2377 902 2418 203

238 2423 291 2454 31.
310 2442 352 2446 —
370 2424 501 2465 infesta
517 2424 570 2464 ab,
601 2423 631 2464 6,
659 2425 687 2462 5,
716 2424 753 2463 33
784 2423 852 2463 vgl.
873 2423 902 2463 7,

239 2469 291 2507 25,
311 2470 346 2501 4:
377 2479 471 2500 mare
496 2470 663 2512 infestum
686 2468 845 2500 classibus
863 2487 904 2491 ——

237 2517 376 2546 -ιη-αΐ.
396 2533 437 2537 —
455 2515 632 2557 hibernat„
652 2515 679 2554 7,
699 2514 752 2553 38,
771 2515 801 2545 4.

284 2560 426 2593 10—14.
456 2558 621 2601 Troilum,
654 2570 689 2592 es
722 2559 769 2591 ist
805 2559 907 2591 zwei-

237 2604 365 2647 felhaft,
390 2605 429 2637 ob
455 2615 491 2637 es
514 2606 568 2638 dio
591 2610 687 2637 soust
708 2605 907 2638 Trossulum

973 1335 1139 1372 genannte
1169 1331 1267 1363 Stadt
1295 1341 1451 1371 gewesen
1475 1331 1537 1373 sei,
1562 1333 1648 1364 Den-

974 1377 1025 1408 nis
1045 1376 1077 1407 S.
1098 1376 1174 1408 347.
1195 1396 1237 1399 —
1255 1387 1351 1409 caesa
1374 1396 1417 1400 —-
1432 1379 1530 1421 capti,
1548 1388 1575 1409 c.
1593 1379 1648 1418 45,

976 1422 1026 1455 14.
1046 1440 1087 1444 —
1106 1424 1239 1454 centum
1257 1433 1314 1463 m.,
1332 1423 1403 1454 also
1420 1424 1513 1455 mehr
1529 1423 1580 1455 als
1595 1423 1647 1455 die

975 1468 1110 1499 reichen
1128 1468 1254 1508 Stiidte,
1274 1480 1300 1500 c.
1316 1469 1368 1507 37,
1385 1469 1414 1499 5.
1431 1488 1473 1492 —
1487 1468 1644 1508 indutias,

974 1524 999 1545 s.
1023 1514 1054 1552 9,
1070 1514 1100 1551 5,
1120 1515 1147 1546 1.
1159 1532 1201 1536 —
1213 1514 1503 1556 trtumplzumjan.
1520 1513 1648 1546 CDLX.

974 1558 1013 1590 de
1037 1556 1248 1591 Samnitibus
1268 1559 1351 1591 Idcb.
1376 1559 1461 1599 Iun,
1485 1560 1557 1592 also
1587 1571 1650 1592 vor

974 1605 1046 1635 dem
1075 1603 1096 1646 ξ
1114 1605 1133 1636 2
1159 1605 1362 1636 erwiihnten.
1383 1624 1425 1627 —-
1446 1605 1573 1647 reliquo
1586 1616 1650 1645 ae„

975 1650 1021 1681 ist
1045 1651 1089 1682 im
1112 1650 1345 1691 Allgemeinen
1369 1651 1427 1682 das
1453 1650 1550 1690 Geld,
1578 1661 1649 1682 wo-

976 1695 1036 1726 mit
1059 1695 1113 1727 die
1138 1695 1257 1727 beiden
1281 1694 1360 1736 folg.
1385 1696 1563 1736 Ausgaben
1592 1696 1650 1727 be-

975 1741 1113 1773 sti-itten
1128 1741 1263 1773 werden
1285 1740 1323 1773 de
1335 1742 1489 1773 manubia·
1503 1743 1568 1774 und
1585 1752 1649 1782 eae3

973 1786 1102 1829 praeda
1131 1787 1219 1827 sind,
1249 1797 1345 1818 wenn
1374 1788 1458 1819 auch
1487 1797 1650 1827 gramma—

977 1832 1064 1864 tisch
1082 1831 1173 1863 nicht
1191 1842 1314 1874 genau,
1333 1843 1393 1864 zur
1410 1833 1559 1865 naheren
1589 1833 1649 1865 Be-

978 1877 1172 1917 sffimmung,
1207 1879 1322 1909 woher
1340 1879 1397 1910 das
1416 1878 1577 1910 Einzelue
1593 1888 1651 1918 ge-

978 1932 1127 1954 nommen
1141 1924 1279 1955 worden
1294 1924 1355 1963 sei,
1366 1922 1591 1964 hinzugefiigt.
1608 1942 1650 1947 -—

978 1968 1094 2001 Fortis
1111 1968 1215 2007 Fort„
1245 1969 1363 2000 Donat.
1387 1969 1539 2002 Fortuna
1565 1968 1653 2001 dicta

977 2016 1025 2045 est
1043 2015 1172 2045 ineerta
1189 2024 1256 2055 res,
1274 2013 1363 2046 Fors
1379 2014 1533 2046 Fortuna
1555 2025 1651 2047 even-

978 2062 1032 2090 tus
1055 2060 1226 2100 fortunae
1259 2060 1372 2091 bonus.
1414 2060 1481 2092 Der
1514 2060 1651 2103 Tempel

978 2105 1075 2136 stand
1094 2109 1188 2136 trans
1215 2104 1380 2145 Tiberini3
1407 2106 1468 2137 den
1491 2106 1549 2138 des
1573 2107 1652 2138 Ser-

978 2149 1054 2181 vius
1074 2150 1132 2182 hat
1148 2150 1186 2182 L.
1205 2150 1297 2182 nicht
1311 2151 1475 2191 erw'zihnt‚
1494 2153 1522 2192 1,
1543 2152 1597 2189 42,
1612 2152 1649 2189 33

978 2194 1104 2226 Beckei‘
1138 2197 1173 2236 1,
1207 2196 1289 2236 4793
1331 2195 1411 2228 CIL.
1447 2197 1521 2228 395.
1572 2196 1652 2228 wie

978 2241 1089 2281 wenig
1110 2251 1144 2272 es
1165 2241 1201 2273 L.
1226 2252 1279 2273 um
1303 2241 1592 2282 Vollst'andigkeit
1613 2253 1653 2273 zu

977 2287 1057 2318 thun
1076 2296 1158 2326 war,
1178 2286 1265 2326 zeigt
1282 2286 1369 2318 Plin.
1389 2287 1443 2328 34,
1462 2288 1492 2326 7,
1510 2287 1568 2319 43:
1588 2288 1650 2329 fe-

978 2334 1019 2362 eit
1036 2334 1066 2363 et
1088 2331 1146 2374 Sp.
1183 2332 1349 2364 Carvilius
1374 2332 1496 2374 lovem,
1520 2334 1578 2374 qui
1600 2335 1652 2364 est

977 2378 1008 2408 ίη
1036 2376 1203 2420 Capitolio,
1232 2379 1324 2409 vietis
1351 2376 1560 2410 Samnitibus
1593 2389 1651 2409 sa-

977 2424 1073 2454 crata
1090 2423 1160 2464 Iege
1178 2424 1419 2465 pugnantibus,
1438 2435 1454 2454 e
1474 2423 1651 2466 pectorali?-

979 2469 1037 2499 bus
1055 2468 1094 2508 (s.
1114 2470 1143 2509 9,
1161 2469 1216 2508 40,
1239 2469 1270 2508 3)
1289 2478 1406 2500 eorum.
1429 2470 1599 2510 ocreisque
1622 2471 1653 2500 et

977 2513 1100 2555 galeis;
1115 2513 1297 2557 amplitudo
1319 2516 1413 2545 tanta
1435 2517 1492 2556 est,
1515 2517 1554 2546 ut
1577 2525 1652 2546 con-

979 2560 1144 2601 spiciatur
1168 2570 1189 2590 a
1209 2558 1341 2591 Latiari
1358 2559 1444 2591 Iove.
1467 2577 1512 2583 —
1533 2570 1652 2591 manu-

981 2605 1056 2646 biis,
1087 2606 1117 2646 1,
1146 2606 1200 2646 55,
1230 2605 1261 2645 7,
1290 2606 1348 2637 das
1376 2615 1437 2638 aus
1465 2606 1538 2637 dem
1568 2606 1652 2638 Ver·

1734 200 1736 238 !

1735 245 1738 259 l

1734 266 1738 297 1

1737 379 1739 394 t

1737 481 1741 503 1

1730 0 1763 188 l

1759 139 1763 164 1

1758 184 1760 197 ι

1739 602 1742 618 1

1740 624 1742 630 =
1762 623 1763 635 1
