1763 2983
97 178 120 196 n.
141 168 192 194 ch.
213 170 272 195 363.
293 169 353 195 362.
602 168 726 200 LIBER
752 168 819 202 Vll.
860 170 952 202 CAP.
981 171 1010 202 4.
1031 173 1060 202 5.
1428 172 1502 209 105

98 271 250 323 perioso
279 276 386 321 patre
417 285 458 311 se
488 277 622 310 natum
654 283 750 309 esse.
801 278 839 311 at
860 286 974 324 quam
1006 274 1054 311 ob
1083 271 1255 312 noxam?
1287 273 1375 324 quia
1405 272 1504 311 infa-

97 327 259 367 cundior
280 326 329 365 sit
350 333 388 367 et
409 329 538 380 lingua
560 328 820 378 inpromptus.
854 330 957 380 quod
980 334 1138 369 naturae
1160 331 1346 368 damnum
1371 333 1501 367 utrum

98 384 348 423 nutriendum
370 385 483 436 patri,
506 385 537 423 si
561 384 772 435 quidquam
795 385 834 423 in
857 399 902 424 eo
918 386 1081 425 humani
1104 392 1218 429 esset,
1242 398 1291 424 an
1314 385 1503 436 castigan-

98 441 191 480 dum
214 453 257 479 ac
277 442 482 481 vexatione
505 441 655 491 insigne
683 440 904 479 faciendum
928 440 1077 480 fuisse?
1115 456 1164 481 ne
1193 448 1322 481 mutas
1345 442 1504 493 quidem

97 497 241 536 bestias
272 498 403 537 minus
434 499 533 538 alere
557 510 598 536 ae
618 496 770 542 fovere,
803 498 834 536 si
858 499 950 549 quid
980 510 1024 536 ex
1055 500 1239 549 progenie
1268 511 1336 537 sua
1368 511 1504 549 parum

96 566 328 605 prosperum
351 555 419 602 sit,
448 560 487 594 at
507 555 664 594 hercule
686 553 726 591 L.
749 554 934 593 Manlium
963 554 1106 593 malum
1139 556 1238 594 malo
1271 568 1409 607 augere
1438 555 1503 593 filii

97 616 135 650 et
156 610 376 650 tarditatem
399 611 543 663 ingenii
566 612 727 661 insuper
749 623 927 661 premere
950 616 999 656 et,
1023 611 1054 649 si
1077 612 1170 662 quid
1193 611 1232 649 in
1255 625 1298 650 eo
1322 613 1504 662 exiguum

97 667 280 706 naturalis
298 668 439 720 vigoris
455 669 516 715 sit,
540 668 576 707 id
596 667 819 718 extinguere
838 668 911 707 vita
933 668 1074 719 agresti
1099 672 1136 706 et
1153 669 1298 706 rustico
1322 670 1428 707 cultu
1446 668 1506 706 in-

99 731 155 763 ter
175 725 342 775 pecudes
360 725 551 764 habendo.
586 723 771 765 Omnium
795 725 926 775 potius
950 724 1009 762 his
1028 724 1366 763 criminationibus
1389 738 1505 775 quam

98 781 218 832 ipsius
241 781 389 820 iuvenis
412 782 593 821 inritatus
617 788 676 822 est
697 781 872 820 animus:
905 782 1000 833 quin
1023 787 1169 825 contra,
1192 794 1232 819 se
1256 793 1412 832 quoque
1437 794 1506 831 pa-

98 837 198 876 renti
227 851 380 878 causam
409 839 574 877 invidiae
603 845 717 891 atque
747 838 954 876 criminum
983 851 1085 884 esse,
1125 851 1237 888 aegre
1267 850 1427 889 passus,
1466 843 1508 875 ut

99 907 236 933 omnes
260 895 309 933 dii
332 895 588 946 hominesque
610 897 755 935 seirent
782 908 823 933 se
845 895 995 946 parenti
1027 907 1140 945 opem
1164 895 1276 933 latam
1309 907 1424 945 quani
1447 894 1508 932 in-

98 951 221 990 imicis
244 951 325 990 eius
349 953 473 999 malle,
504 953 605 1003 capit
634 951 838 991 consilium
870 952 977 990 rudis
1011 952 1168 1003 quidem
1203 957 1318 1002 atque
1347 951 1508 1001 agrestis

97 1008 216 1046 animi
233 1014 282 1053 et,
305 1022 541 1061 quamquam
558 1021 638 1048 non
659 1009 779 1048 civilis
797 1009 974 1059 exempli,
998 1015 1127 1047 tamen
1147 1008 1287 1060 pietate
1306 1007 1506 1046 laudabile.

98 1064 356 1103 inscientibus
388 1065 536 1104 eunctis
567 1067 691 1105 cultro
720 1065 941 1104 succinctus
972 1078 1084 1103 mane
1115 1065 1153 1103 in
1185 1064 1322 1103 urbem
1351 1070 1465 1114 atque
1488 1077 1507 1103 a

98 1127 206 1172 porta
226 1122 387 1160 domum
411 1123 617 1161 confestim
641 1123 686 1161 ad
708 1122 755 1160 M.
776 1122 1038 1172 Pomponium
1063 1122 1266 1161 tribunum
1289 1121 1431 1172 pergit,
1454 1121 1509 1159 ia—

100 1178 212 1216 nitori
236 1190 332 1228 opus
363 1191 446 1217 esse
470 1178 543 1217 sibi
573 1179 732 1217 domino
755 1177 837 1216 eius
867 1183 1057 1217 convento
1088 1178 1280 1229 extemplo
1302 1178 1370 1216 ait:
1402 1190 1509 1216 111111-

101 1234 211 1271 tiaret
234 1234 364 1272 Titum
390 1234 569 1273 Manlium
592 1235 632 1273 L.
650 1235 771 1273 filium
795 1247 893 1273 esse.
928 1248 1018 1273 mox
1036 1234 1507 1273 introductus——etenim

101 1290 291 1340 percitum
324 1290 376 1329 ira
404 1290 443 1329 in
473 1297 623 1342 patrem
654 1304 740 1342 spes
764 1295 845 1329 erat
875 1296 940 1329 aut
965 1291 1139 1329 oriminis
1170 1291 1313 1342 aliquid
1336 1290 1423 1329 novi
1447 1296 1511 1329 aut

100 1346 247 1385 consilii
263 1347 307 1385 ad
327 1360 409 1385 rem
427 1348 613 1398 agendam
633 1348 783 1386 deferre
795 1371 845 1373 —--
859 1347 982 1387 salute
999 1353 1155 1398 accepta
1165 1347 1407 1398 redditaque,
1423 1360 1509 1386 esse

98 1403 159 1446 ait,
184 1416 281 1453 quae
304 1416 392 1442 eum
415 1417 460 1442 eo
481 1416 593 1454 agere
617 1404 768 1443 arbitris
790 1404 954 1443 remotis
978 1404 1078 1443 velit.
1112 1405 1247 1455 procul
1269 1404 1357 1442 inde
1380 1404 1509 1442 omni-

99 1459 169 1497 bus
191 1458 296 1497 abire
317 1459 431 1498 iussis
453 1461 621 1499 cultrum
643 1460 811 1511 stringit,
835 1467 874 1499 et
895 1473 1012 1512 super
1034 1462 1175 1500 lectum
1197 1467 1302 1500 stans
1324 1461 1426 1499 ferro
1449 1461 1510 1499 in-

100 1520 217 1561 tento,
240 1516 313 1554 nisi
334 1516 374 1554 in
397 1529 496 1568 quae
518 1517 601 1568 ipse
623 1517 867 1568 concepisset
891 1517 1006 1556 verba
1029 1518 1185 1563 iuraret,
1217 1531 1259 1556 se
1280 1518 1399 1568 patris
1427 1518 1509 1556 eius

95 1573 299 1611 accusandi
322 1586 434 1612 eausa
457 1574 665 1613 concilium
688 1574 812 1626 plebis
845 1587 1057 1626 numquam
1081 1575 1322 1619 habiturum,
1354 1587 1395 1612 se
1418 1587 1506 1612 eum

94 1630 285 1681 extemplo
307 1631 584 1670 transfixurum
617 1631 801 1670 minatur.
852 1632 1011 1682 pavidus
1042 1631 1240 1677 tribunus,
1272 1631 1417 1681 quippe
1440 1630 1506 1681 qui

99 1814 184 1844 nung
199 1814 262 1835 von
283 1806 346 1836 vita
363 1806 519 1846 agrestis,
537 1803 557 1846 ξ
576 1805 612 1842 73
633 1816 660 1835 c.
681 1805 711 1845 5,
731 1807 760 1836 9.

97 1868 138 1871 —
162 1848 340 1890 ergastul.,
365 1849 395 1889 2,
419 1849 471 1880 23.
498 1867 538 1872 —
563 1860 707 1889 noa-am,
732 1850 762 1889 3,

97 1894 150 1933 42,
169 1894 198 1932 2,
219 1894 283 1934 vgl.
300 1894 332 1935 9,
351 1894 381 1935 8,
399 1894 680 1936 4.—z‘nfacund.,
695 1896 762 1936 vgl.

98 1938 150 1979 36,
172 1939 222 1979 17,
241 1942 274 1971 3:
299 1940 609 1982 inea-superabilz'or,
634 1941 688 1981 33,
710 1941 763 1981 23,

99 1984 116 2015 8
136 1995 166 2015 u.
186 1994 214 2015 a.

142 2030 238 2061 6—7.
282 2029 513 2072 nutriendum,
561 2031 621 2062 der
659 2031 763 2062 Yater

96 2075 188 2106 htitte
230 2085 400 2116 sorgsame
430 2075 540 2116 Pssege
580 2077 761 2108 anwenden

98 2120 238 2159 miissen,
268 2132 318 2152 um
338 2121 398 2152 den
416 2120 538 2153 Fehler
563 2133 603 2152 zu
627 2121 763 2153 beseiti-

97 2176 170 2206 gen,
194 2166 285 2198 nicht
311 2166 393 2198 aber
411 2177 441 2197 u.
461 2176 487 2198 s.
507 2177 548 2198 w.
568 2167 634 2207 vgl.
655 2167 684 2202 4,
710 2166 763 2207 52,

98 2211 135 2250 33
159 2210 277 2244 Celsus
302 2213 331 2252 5,
355 2210 412 2243 26:
436 2213 570 2244 nutrire
591 2231 634 2235 —
652 2212 762 2252 ulcus,

97 2258 126 2297 6,
145 2257 175 2296 6,
197 2258 253 2289 16:
271 2258 400 2288 nutrire
416 2275 459 2279 —
476 2258 619 2298 morbos,
644 2258 710 2297 vgl.
726 2257 762 2289 L.

98 2301 150 2341 36,
169 2302 223 2343 35,
241 2303 271 2334 4.
288 2321 332 2324 —
353 2304 495 2343 alga-resti,
522 2303 712 2341 biiuerisch,
735 2315 762 2334 c.

99 2349 129 2386 5,
140 2347 174 2378 2:
189 2349 333 2388 agrestis
346 2349 462 2386 ιυιίφηί,
471 2348 617 2389 dagegen
627 2351 763 2389 rustico,

99 2393 254 2424 liindlieh.
285 2411 321 2415 —<-

99 2438 152 2476 20,
172 2438 200 2470 8.

145 2479 185 2514 5.
229 2483 324 2514 1-7.
366 2485 442 2524 (μιίη
461 2487 586 2524 eontra,
607 2485 638 2525 6,
658 2484 711 2521 37,
730 2486 765 2525 S,

101 2529 153 2568 31,
172 2528 225 2568 31,
242 2529 261 2559 9
281 2539 310 2559 u.
329 2538 358 2559 a.
382 2547 424 2551 —
449 2529 499 2561 fliz·
512 2530 613 2567 hom„
638 2530 668 2570 2,
688 2532 717 2572 5,
737 2531 765 2561 7.

102 2592 143 2596 ——
160 2573 279 2613 civilis,
304 2574 335 2613 6,
351 2573 405 2615 40,
428 2575 476 2607 15.
502 2594 543 2597 ω
562 2577 693 2617 pietate,
715 2576 766 2616 20,

355 2393 515 2433 habendo,
537 2395 564 2433 1,
590 2396 644 2433 5⁴5,
672 2394 707 2433 23
734 2397 765 2433 6,

838 1804 889 1845 29,
910 1804 944 1835 9:
972 1803 1109 1835 invidia.
1130 1823 1170 1826 *—
1190 1804 1324 1835 domum
1343 1822 1385 1826 —
1403 1803 1448 1834 acl
1465 1803 1508 1836 Π.

838 1851 973 1892 Pomp,
1000 1850 1135 1880 Cicero:
1167 1851 1343 1891 Pomponii
1364 1849 1509 1890 domum,

837 1905 862 1926 s.
891 1896 920 1934 5,
946 1896 999 1933 47,
1028 1895 1056 1925 7.
1086 1913 1128 1917 ——
1158 1896 1302 1935 crimin„
1329 1894 1402 1926 eine
1429 1904 1509 1926 neue

837 1940 1127 1981 Anschuldigung,
1161 1940 1212 1971 die
1245 1940 1303 1971 der
1326 1939 1507 1980 Ankliiger,

837 1995 932 2016 wenn
950 1985 1003 2017 die
1016 1986 1119 2017 Sat-,he
1140 1996 1200 2017 vor
1217 1987 1290 2018 deni
1306 1985 1414 2016 Volke
1432 1995 1508 2016 ver-

836 2031 972 2062 handelt
990 2031 1116 2070 wurde,
1134 2029 1295 2063 anfuhren
1315 2030 1438 2061 konnte
1458 2041 1507 2061 um

837 2076 991 2108 dasselbe
1033 2086 1093 2107 zur
1134 2076 1355 2116 Bestzitigung
1398 2075 1508 2107 seines

837 2120 1090 2161 Strafantrages
1110 2132 1149 2152 zu
1167 2121 1376 2160 bestinnneu,
1406 2121 1435 2157 2,
1455 2121 1508 2160 61,

838 2167 868 2197 7.
894 2185 936 2189 —
965 2178 1041 2210 Spes
1058 2177 1104 2197 el·-
1124 2186 1166 2189 —
1190 2167 1336 2208 deferre,
1356 2178 1380 2197 s.
1402 2166 1454 2205 33,
1479 2168 1508 2206 5,

843 2212 874 2251 13
892 2213 945 2247 44,
965 2213 995 2252 Τ,
1019 2214 1067 2245 10.
1094 2231 1132 2234 ——
1163 2214 1195 2243 in
1215 2222 1298 2254 qnae
1321 2226 1365 2237 Ξ
1389 2213 1422 2242 lu
1443 2212 1506 2247 (ea)

839 2258 947 2295 verba,
965 2269 1056 2299 quae,
1077 2257 1141 2288 wie
1160 2257 1225 2298 §tiz
1244 2257 1381 2288 adiurat
1399 2258 1430 2287 ill
1449 2262 1504 2295 rea,

837 2304 883 2342 1511)
909 2313 992 2344 qaae
1016 2304 1158 2335 adactus
1179 2307 1227 2334 est
1254 2303 1423 2341 ‹i111·a1·‹2);
1448 2302 1507 2332 der

838 2348 984 2379 welcher
1008 2350 1068 2381 deu
1089 2347 1151 2378 Eid
1170 2348 1320 2384 abnahm,
1344 2351 1436 2387 sagte
1454 2346 1506 2377 die

841 2392 1062 2425 Eidesformel
1084 2404 1144 2424 vor
1162 2395 1308 2435 (praesre
1327 2393 1445 2427 ver-lm).
1464 2410 1507 2413 —

840 2450 873 2469 se
886 2457 929 2461 ἡ
943 2441 1023 2481 eills,
1042 2439 1137 2470 beide
1156 2438 1353 2470 Pronolnina
1378 2436 1436 2467 auf
1449 2447 1506 2467 un-

839 2484 918 2515 dere
933 2483 1101 2517 Personen
1116 2484 1276 2524 bezogen,
1290 2483 1341 2513 als
1357 2483 1397 2513 im
1412 2481 1504 2520 Folg.

839 2541 873 2560 se
914 2540 1009 2568 eum,
1062 2531 1119 2561 sui
1164 2529 1278 2559 wiirde
1329 2526 1505 2558 uudeulich

839 2574 922 2605 sein.
959 2594 999 2597 ἡ
1034 2585 1121 2605 coms.
1151 2574 1209 2616 pl„
1241 2574 1270 2612 6,
1303 2573 1355 2611 20,
1388 2572 1432 2601 11.
1463 2589 1505 2591 -

1533 335 1552 364 6

1534 732 1558 768 υἱ

1537 845 1555 875 ri«

1537 1641 1555 1670 6
