1763 2983
189 1025 207 1056 ¹0

247 184 325 222 110

718 182 842 215 LIBER
870 181 938 215 Vll.
966 181 1056 213 CAP.
1096 182 1126 213 7.
1153 184 1182 214 8.

1419 191 1443 208 a.
1463 191 1490 209 u.
1512 183 1570 209 392.
1593 184 1652 208 393.

355 284 482 321 Duum
506 284 656 322 milium
678 284 856 335 planities
878 289 1000 323 castra
1022 284 1195 322 Romana
1223 283 1269 322 ab
1292 283 1472 322 Hernicis
1494 283 1654 322 dirime-

242 340 326 378 bat:
364 339 417 377 ibi
446 340 529 390 pari
556 340 681 379 ferme
716 340 915 391 utrimque
949 340 1072 392 spatio
1103 340 1144 378 in
1179 340 1307 379 medio
1337 345 1551 391 pugnatum
1583 345 1653 378 est.

241 396 367 447 primo
389 396 498 434 stetit
521 396 699 448 ambigua
729 410 796 449 spe
817 409 945 448 pugna
969 397 1205 448 nequiquam
1234 410 1347 448 saepe
1370 396 1518 436 conatis
1541 396 1654 447 equi-

193 458 199 483 s
240 453 344 491 tibus
367 453 550 491 Romanis
580 454 727 505 impetu
756 454 913 492 turbare
936 455 1106 493 hostium
1128 454 1263 492 aciem.
1303 459 1512 505 postquam
1535 465 1654 503 eque-

240 510 330 548 stris
359 522 489 560 pugna
518 510 660 549 effectu
683 523 800 562 quam
829 510 1031 549 conatibus
1063 510 1195 549 vanior
1217 517 1309 557 erat,
1341 509 1521 549 consulto
1543 510 1653 561 prius

239 566 426 605 dictatore
443 567 607 618 equites,
632 567 826 618 permissu
844 567 983 606 deinde
1002 567 1083 606 eius
1105 567 1245 605 relictis
1264 567 1385 618 equis,
1409 567 1576 606 clamore
1592 566 1652 605 in-

191 654 201 661 .
238 623 345 674 genti
366 626 569 674 provolant
600 630 689 663 ante
718 625 825 675 signa
854 630 892 662 et
913 637 1050 663 novam
1082 624 1274 674 integrant
1295 636 1478 675 pugnam.
1525 635 1653 674 neque

238 680 423 718 sustineri
453 686 645 732 poterant,
684 681 723 719 ni
755 681 1084 720 extraordinariae
1113 681 1291 720 cohortes
1329 681 1411 732 pari
1441 692 1653 731 corporum

189 732 215 771 8
241 737 541 788 animorumque
563 738 705 776 robore
726 750 767 777 se
790 737 1036 777 obiecissent.
1078 737 1188 776 Tunc
1216 737 1319 776 inter
1339 737 1533 789 primores
1555 737 1655 775 duo-

236 805 323 832 rum
349 794 584 845 populorum
606 807 668 833 res
692 795 858 845 geritur3
890 794 1078 845 quidquid
1100 795 1190 833 hine
1219 799 1284 833 aut
1306 795 1411 833 illinc
1433 794 1653 833 communis

236 849 335 889 Mars
353 850 442 889 belli
458 852 597 898 aufert,
622 852 823 902 multiplex
846 864 963 901 quam
986 864 1056 902 pro
1074 863 1239 889 numero
1258 851 1445 890 damnum
1467 855 1537 889 est.
1569 851 1653 889 vul-

235 920 305 958 gus
327 908 427 946 aliud
451 913 702 955 armatorum,
727 909 829 947 velut
852 909 1023 958 delegata
1045 907 1282 959 primoribus
1306 920 1445 959 pugna,
1470 913 1653 947 eventum

239 976 354 1003 suum
378 964 415 1002 in
434 965 576 1003 virtute
600 965 722 1004 aliena
739 965 859 1016 ponit.
894 965 1006 1004 multi
1025 966 1219 1016 utrimque
1238 964 1392 1010 cadunt,
1414 966 1545 1015 plures
1569 965 1652 1003 vul—

239 1032 332 1061 nera
362 1022 575 1072 accipiunt;
613 1023 769 1060 tandem
800 1022 950 1073 equites
986 1021 1081 1060 alius
1111 1022 1228 1060 alium
1262 1021 1523 1072 increpantes,
1561 1021 1653 1072 quid

237 1077 379 1116 deinde
398 1084 574 1123 restaret,
588 1079 825 1129 quaerendo,
848 1078 879 1116 si
899 1091 1024 1129 neque
1044 1091 1088 1116 ex
1107 1078 1217 1129 equis
1236 1077 1478 1129 pepulissent
1498 1079 1653 1117 hostem

236 1145 363 1185 neque
392 1135 542 1185 pedites
573 1135 781 1186 quicquam
811 1134 1003 1173 momenti
1026 1132 1228 1173 facerent?
1261 1147 1377 1186 quam
1407 1135 1563 1173 tertiam
1585 1147 1654 1173 ex—

238 1196 438 1240 pectarent
475 1190 676 1242 pugnam?
722 1191 815 1242 quid
852 1197 941 1229 ante
977 1191 1086 1242 signa
1122 1192 1273 1230 feroces
1309 1192 1581 1243 prosiluissent
1616 1196 1655 1229 et

189 1252 196 1278 ἰ
236 1247 360 1286 alieno
383 1253 605 1299 pugnarent
627 1246 806 1286 10602-
826 1248 885 1286 his
907 1249 1008 1286 inter
1028 1261 1068 1286 se
1091 1249 1249 1286 vocibus
1273 1248 1456 1287 concitati
1487 1250 1654 1287 clamore

234 1311 417 1343 renovato
447 1305 619 1343 inferunt
649 1305 802 1356 pedem,
835 1311 872 1343 et
901 1305 1073 1355 primum
1105 1306 1223 1355 gradu
1255 1311 1460 1344 moverunt
1488 1306 1653 1349 hostem,

187 1363 206 1393 4
238 1361 376 1399 deinde
399 1362 645 1412 pepulerunt,
675 1367 875 1412 postremo
898 1362 975 1400 iam
1010 1361 1111 1399 haud
1136 1361 1252 1400 dubie
1282 1367 1482 1408 avertunt,
1512 1374 1652 1412 neque,

236 1424 314 1456 tam
339 1418 437 1456 vires
467 1430 578 1469 pares
602 1431 700 1469 quae
731 1418 969 1469 superaverit
990 1430 1065 1464 res,
1096 1418 1206 1456 facile
1228 1418 1330 1457 dictu
1355 1423 1425 1465 est,
1456 1418 1528 1457 nisi
1550 1418 1652 1470 quod

236 1480 423 1525 perpetua
441 1475 597 1513 fortuna
615 1476 819 1525 utriusque
835 1475 968 1526 populi
987 1480 1025 1513 et
1043 1475 1227 1513 extollere
1245 1475 1396 1513 animos
1419 1480 1457 1513 et
1475 1475 1653 1513 minuere

239 1532 374 1581 potuit.
422 1544 546 1582 usque
574 1532 620 1570 ad
650 1537 774 1571 eastra
804 1531 996 1582 fugientes
1018 1531 1207 1570 Hernicos
1229 1532 1428 1570 Romanus
1458 1532 1654 1583 sequitur3

237 1592 454 1628 castrorum
476 1589 777 1641 oppugnatione,
807 1589 896 1640 quia
918 1600 1049 1627 serum
1080 1594 1162 1627 erat
1184 1589 1271 1635 diei,
1302 1587 1540 1628 abstinuere.
1588 1588 1653 1627 diu

234 1756 278 1761 -—
295 1738 409 1780 duum,
435 1739 465 1779 3,
490 1739 545 1779 25,
564 1739 593 1770 4.
614 1756 657 1762 -—
676 1738 802 1771 relictis
827 1744 903 1779 etc„

235 1784 266 1822 6,
285 1783 343 1820 243
364 1785 395 1823 4,
414 1783 455 1814 38
472 1795 503 1815 u.
523 1794 551 1815 a.
569 1802 613 1806 —
630 1794 748 1815 novam
766 1787 904 1826 integr„

236 1829 473 1870 pleonastiseh,
492 1840 587 1861 wenn
607 1829 697 1861 nicht
712 1830 905 1862 bezeichnet

235 1875 369 1906 werden
389 1874 462 1914 soll,
482 1875 558 1906 dass
576 1875 635 1906 der
649 1873 771 1907 frische
785 1874 909 1917 Hampf

235 1919 309 1951 eine
336 1930 418 1952 neue
436 1918 611 1962 Rampfart
634 1918 690 1952 fiir
708 1923 769 1952 (len
788 1921 905 1952 Reiter

235 1974 315 2005 war,
332 1975 357 1996 s.
373 1966 404 2005 4,
420 1965 473 2004 33,
493 1966 530 2004 73
550 1965 602 2004 22,
622 1967 652 2005 5,
669 1966 698 1997 7.
722 1965 813 1997 Auch
827 1977 903 2008 pel·-

232 2011 339 2041 mz'ssa
353 2009 410 2041 d.e
425 2010 469 2042 ist
485 2022 546 2042 nur
559 2011 666 2043 breite
676 2011 902 2052 Darstellung.

232 2072 275 2077 —
292 2057 459 2087 sustineri
472 2066 504 2098 p.
523 2067 569 2096 n.,
589 2056 619 2096 3,
639 2057 669 2093 5,
690 2056 718 2087 S.

278 2093 318 2132 S·
349 2102 442 2133 1—3.
455 2103 634 2144 primores,
653 2102 735 2132 auch
753 2101 805 2133 die
819 2101 904 2132 Her-

233 2145 330 2177 niker
363 2146 437 2177 sind
467 2146 546 2178 lecta
571 2156 710 2189 eotpora
744 2148 902 2178 virorum.

232 2209 276 2214 —
302 2191 494 2233 mzllte'pleoe,
521 2192 551 2229 2,
580 2192 633 2231 64,
658 2194 694 2232 4;
720 2202 778 2223 zur
804 2193 908 2224 Sat-he

232 2236 286 2275 21,
311 2236 362 2277 59,
386 2238 423 2267 9:
452 2239 564 2269 maior
592 2237 754 2269 Romanis
790 2248 906 2278 quane-

230 2291 294 2323 pro
313 2291 454 2313 numero
473 2283 604 2314 lactura
621 2282 699 2323 fuit,
721 2283 798 2323 quia
811 2293 909 2323 eque-

231 2328 316 2358 stris
344 2326 475 2359 ordinis
497 2327 624 2369 aliquot
641 2336 683 2350 ¹—
701 2330 777 2358 sunt
802 2329 907 2359 [nter-

230 2371 330 2413 f'ectz',
356 2373 386 2412 9,
406 2372 458 2411 38,
478 2372 508 2413 8,
534 2383 584 2403 wo
608 2375 729 2413 equites
750 2382 831 2413 equo
846 2383 907 2415 Im-

233 2417 315 2448 blico
332 2417 478 2457 geme-int
506 2418 589 2455 sind,
615 2418 680 2458 vgl.
700 2418 753 2456 22,
777 2417 827 2457 14,
848 2418 905 2457 153

232 2460 343 2503 Lange
361 2462 391 2502 2,
411 2462 614 2495 21.——al1‘us
627 2462 680 2502 aL,
698 2463 729 2500 4,
750 2462 802 2497 22.
823 2464 858 2501 53
875 2464 905 2503 5,

233 2508 287 2548 47,
303 2507 332 2539 3.
351 2525 395 2530 —
412 2507 493 2548 quid
504 2507 631 2549 deinde,
650 2508 715 2548 vgl.
731 2507 761 2545 4,
776 2508 830 2547 49,
849 2508 904 2548 153

233 2553 366 2595 incipite
391 2570 431 2575 —
459 2552 585 2584 deinde.
607 2572 649 2575 -—
670 2555 827 2592 restaret,
852 2552 906 2593 je-

235 2596 359 2629 desmal
377 2597 437 2629 der
449 2596 621 2639 Einzelne,
640 2597 788 2629 welcher
801 2607 903 2638 ange-

977 1739 1072 1770 redet
1089 1739 1185 1770 wird.
1206 1757 1249 1762 —
1266 1750 1311 1770 (κι-
1328 1750 1374 1780 eq.
1400 1751 1429 1771 n.
1452 1743 1650 1783 pugnantes.

977 1803 1021 1806 -ψ
1046 1794 1142 1825 quam
1174 1787 1269 1825 tert„
1301 1785 1368 1825 vgl.
1398 1785 1448 1826 21,
1475 1786 1527 1826 53,
1554 1786 1583 1818 3.
1607 1804 1652 1809 —-

977 1831 1040 1870 ln's,
1063 1832 1087 1871 1,
1115 1830 1168 1870 35,
1187 1831 1215 1861 6.
1235 1848 1279 1852 —
1297 1831 1384 1862 [nter
1405 1842 1440 1862 se
1465 1831 1648 1863 attributiv

978 1886 1018 1905 zu
1039 1876 1178 1916 vocibus,
1194 1886 1220 1907 s.
1236 1875 1266 1915 S,
1283 1875 1334 1914 24,
1352 1876 1431 1906 7.-
1445 1876 1652 1918 pepulerunt,

982 1920 1065 1952 1200
1080 1922 1162 1952 rb'm.
1176 1919 1287 1952 Ritter
1304 1920 1461 1961 schlagen
1475 1922 1545 1953 also
1562 1922 1649 1953 3200

977 1965 1145 1997 Herniker
1163 1966 1297 1998 zuriick.

1022 2011 1121 2043 4--6.
1150 2014 1217 2042 tant
1237 2013 1295 2043 εῖν.
1310 2020 1400 2053 patu,
1419 2021 1444 2041 s.
1461 2011 1528 2042 Cic.
1542 2012 1649 2043 Attic.

978 2055 1008 2095 3,
1028 2056 1078 2096 10,
1098 2056 1132 2087 2:
1152 2059 1220 2088 tam
1237 2067 1281 2088 ω·
1297 2055 1404 2098 amplo
1420 2058 1531 2096 statu3
1552 2057 1649 2089 Verr.

978 2102 1008 2139 5,
1027 2101 1079 2143 48,
1102 2102 1181 2133 127:
1206 2105 1271 2133 tam
1297 2103 1329 2132 in
1345 2102 1465 2143 paucis
1484 2112 1513 2132 u.
1532 2112 1574 2142 a.,
1598 2112 1649 2134 wo

976 2146 1098 2186 jedoch
1116 2146 1232 2179 immer
1251 2147 1324 2179 eine
1343 2146 1478 2189 Pr'a'pos.
1498 2157 1560 2178 vor
1578 2148 1651 2179 dem

981 2191 1140 2233 Adjeetiv
1164 2193 1262 2224 steht.
1305 2191 1366 2223 Die
1383 2191 1649 2233 Einrichtungen

982 2236 1041 2268 der
1054 2236 1220 2269 Herniker
1238 2242 1384 2269 mussteu
1403 2238 1463 2268 deu
1479 2239 1559 2269 ro‘m.
1577 2243 1649 2269 ent-

980 2282 1152 2324 sprechen.
1171 2301 1213 2305 —
1230 2285 1298 2314 nisi
1313 2282 1409 2324 qaod,
1435 2283 1465 2323 4,
1488 2282 1539 2322 12,
1557 2283 1587 2314 9.
1605 2301 1648 2305 -

978 2330 1150 2369 perpetuu,
1171 2328 1222 2360 bis
1233 2329 1321 2370 jetzt
1336 2327 1407 2358 sind
1417 2327 1540 2368 jedoch
1554 2328 1649 2359 beide

978 2372 1106 2404 Yb'lker
1134 2373 1231 2405 meist
1260 2372 1452 2406 verbunden
1482 2383 1647 2414 gewesen.

980 2436 1021 2439 ——
1039 2416 1096 2448 din
1112 2428 1175 2449 non
1190 2429 1237 2461 μ,
1264 2430 1289 2450 s.
1309 2417 1391 2449 iiber
1409 2417 1523 2450 diesen
1542 2418 1579 2450 L.
1598 2418 1647 2450 ei-

978 2462 1246 2502 genthiimlichen
1279 2462 1454 2495 Gebrauch
1483 2464 1507 2502 l,
1533 2464 1585 2504 53,
1614 2464 1626 2495 l
1641 2475 1648 2495 ε

978 2508 1039 2539 der
1071 2506 1229 2540 Unlstand
1241 2533 1249 2548 ,
1284 2509 1359 2540 dass
1393 2512 1463 2539 erst
1495 2509 1648 2540 mehrere

980 2552 1194 2594 Opferthiere
1243 2552 1470 2594 geschlachtet
1511 2553 1646 2585 werden

976 2602 1142 2639 mussten‚
1166 2599 1225 2630 ehe
1249 2598 1405 2640 giinstige
1422 2597 1568 2629 Zeichen
1594 2608 1646 2630 er-
