1763 2983
3 2822 11 2983 ᾑ--ψ
7 2767 10 2771 .
7 2747 10 2758 ,Δ
7 2439 11 2733 -υ-.

67 181 91 200 a.
111 172 161 199 ch.
182 172 242 199 343.
560 169 686 202 LIBER
711 168 780 228 yn.
822 169 913 202 CAP.
941 170 994 203 30.

1405 171 1478 209 151

179 275 310 326 Legati
326 273 541 313 introducti
559 273 598 311 in
615 278 797 313 senatum
816 273 982 312 maxime
1000 274 1036 312 in
1056 274 1153 312 hanc
1169 273 1403 311 sententiam
1422 272 1480 310 lo-

67 333 145 373 cuti
165 337 278 372 sunt:
308 331 504 383 „populus
535 341 607 369 nos
629 330 851 381 Campanus
873 330 1016 381 legatos
1048 331 1094 369 ad
1118 342 1196 375 vos,
1229 336 1357 381 patres
1387 342 1482 369 con-

66 389 210 441 scripti,
233 388 339 428 misit
360 387 566 427 amicitiam
588 387 628 426 in
653 392 896 438 perpetuum,
920 387 1105 426 auxilium
1127 399 1314 438 praesens
1336 400 1355 425 a
1375 387 1481 425 vohis

68 446 246 500 petitum.
271 458 387 498 quam
409 445 442 484 si
463 445 644 483 secundis
660 443 779 483 rebus
797 443 940 481 nostris
959 444 1206 494 petissemus,
1228 444 1327 483 sicut
1345 450 1481 495 coepta

69 503 232 544 celerius
254 503 305 542 ita
326 501 542 541 infirmiore
564 501 719 541 vinculo
742 505 939 540 contracta
956 507 1079 539 esset:
1103 507 1199 539 tunc
1217 501 1333 547 enim,
1358 507 1399 539 ut
1417 500 1482 552 qui

69 574 115 600 ex
135 573 260 612 aequo
282 571 353 599 nos
371 559 524 613 venisse
547 558 587 597 in
604 558 815 598 amicitiam
832 557 1165 605 meminissemus,
1189 558 1302 596 amici
1320 558 1483 597 forsitan

68 617 212 671 pariter
243 629 285 656 ac
314 629 431 663 nunc,
464 615 630 655 subiecti
661 620 778 667 atque
810 614 968 653 obnoxii
992 613 1100 653 vohis
1133 615 1264 653 minus
1287 627 1482 658 essemus2

68 686 187 721 nunc,
220 673 485 714 misericordia
515 678 639 712 vestra
672 671 864 711 conciliati
896 670 1116 721 auxilioque
1149 671 1187 708 in
1212 671 1338 709 dubiis
1360 671 1479 710 rebus

69 731 231 779 defensi,
254 731 489 771 beneficium
513 743 671 782 quoque
685 734 887 780 acceptum
899 728 1070 767 colamus
1089 732 1252 778 oportet,
1277 739 1325 766 ne
1344 728 1484 778 ingrati

68 795 182 841 atque
204 789 312 828 omni
334 801 407 840 ope
424 787 550 826 divina
568 784 818 838 humanaque
835 785 985 836 indigni
1002 785 1212 823 videamur.
1245 796 1374 835 neque
1393 785 1479 823 her-

69 847 165 893 cule,
198 846 302 897 quod
324 845 518 885 Samnites
551 844 701 896 priores
724 843 835 883 amici
857 842 1027 893 sociique
1052 841 1160 881 vohis
1188 841 1277 879 facti
1302 846 1405 888 sunt,
1439 842 1485 881 ad

69 904 107 943 id
130 902 256 942 valere
278 902 459 948 arbitror,
483 914 533 940 ne
554 913 624 940 nos
647 901 686 939 in
709 900 916 939 amicitiam
941 899 1188 950 accipiamur,
1216 899 1284 937 sed
1307 904 1350 937 ut
1373 904 1485 937 vetu-

68 965 166 1000 state
189 965 227 999 et
248 960 368 1011 gradu
390 958 548 998 honoris
572 971 642 997 nos
665 962 890 1010 praestent:
914 969 1043 1008 neque
1066 956 1169 994 enim
1194 956 1352 994 foedere
1371 956 1485 994 Sam-

69 1018 230 1064 nitium,
260 1028 310 1056 ne
341 1029 416 1068 qua
438 1028 536 1055 nova
558 1015 768 1067 iungeretis
789 1014 968 1060 foedera,
998 1019 1158 1053 cautum
1181 1018 1252 1051 est.
1295 1013 1368 1051 fuit
1393 1013 1481 1064 qui-

71 1075 159 1114 dem
181 1074 281 1126 apud
298 1086 364 1113 vos
388 1085 544 1124 semper
565 1074 658 1112 satis
681 1073 779 1111 iusta
802 1084 917 1111 causa
936 1071 1135 1115 amicitiae,
1156 1070 1252 1109 velle
1271 1083 1360 1109 eum
1380 1069 1486 1109 vobis

70 1132 238 1172 amicum
260 1144 359 1177 esse,
382 1130 449 1182 qui
470 1142 536 1169 vos
559 1134 778 1181 appeteret:
802 1128 999 1179 Campani,
1023 1128 1093 1167 etsi
1116 1128 1272 1166 fortuna
1296 1139 1482 1178 praesens

72 1189 272 1239 magnifice
294 1187 401 1240 loqui
422 1186 612 1239 prohibet,
636 1198 717 1225 non
739 1185 846 1226 urbis
869 1185 1138 1236 amplitudine,
1163 1197 1243 1223 non
1266 1184 1345 1235 agri
1368 1183 1487 1222 uber—

70 1250 148 1284 tate
164 1245 228 1284 ulli
247 1245 389 1297 populo
407 1249 676 1296 praeterquam
695 1243 802 1282 vobis
821 1243 1016 1287 cedentes,
1043 1242 1145 1281 haud
1163 1254 1291 1293 parva,
1314 1247 1358 1280 ut
1379 1240 1484 1280 arbi—

73 1309 166 1350 tror,
190 1302 355 1342 accessio
374 1302 486 1341 honis
507 1301 626 1341 rebus
650 1300 785 1340 vestris
810 1300 849 1339 in
871 1299 1080 1339 amicitiam
1104 1299 1280 1339 venimus
1304 1296 1498 1338 vestram*

813 1506 884 1539 zen,
904 1506 928 1528 s.
949 1496 1098 1539 Thucyd,
1119 1496 1139 1527 1.
1155 1496 1177 1527 l.
1197 1495 1250 1527 31.
1265 1514 1300 1517 —
1321 1478 1484 1535 arbitror,

813 1542 871 1574 der
903 1542 1056 1584 princeps
1085 1541 1279 1582 legationis,
1315 1551 1340 1571 s.
1370 1540 1390 1582 ξ
1421 1540 1483 1571 23;

810 1589 950 1625 Ιιοννθος
976 1598 1001 1619 c.
1022 1589 1074 1627 31,
1094 1587 1123 1619 3.
1149 1605 1189 1609 —-
1213 1597 1317 1628 neque
1334 1596 1384 1617 en.
1405 1590 1482 1625 etc,

117 1491 285 1531 30—31·
323 1497 383 1529 Die
413 1496 595 1540 Campaner
624 1502 739 1529 unter-

71 1542 195 1576 werfen
215 1543 284 1576 sich
302 1544 363 1576 den
381 1542 535 1576 Rb‘mern.

118 1634 214 1667 1—2.
252 1633 438 1676 introducti,
469 1645 534 1667 von
564 1634 626 1666 den
651 1634 736 1665 Con-

70 1680 154 1712 suln.
172 1698 216 1703 —
231 1681 393 1721 maxime,
410 1680 453 1711 Im
468 1679 734 1718 Wesentlichen,

71 1726 125 1758 die
138 1725 226 1758 Rede
245 1725 293 1757 sei
310 1726 342 1757 in
357 1724 541 1758 Riicksicht
557 1724 616 1758 auf
628 1725 736 1758 Inhalt

71 1772 135 1803 und
152 1770 251 1803 Form
269 1781 332 1803 nur
350 1771 408 1803 der
426 1771 635 1814 Hauptsache
654 1770 737 1803 nach

73 1817 355 1858 wiedergegebeu.
379 1835 421 1840 —
452 1818 652 1859 infirmiore,
671 1816 737 1858 vgl.

73 1864 103 1903 5,
121 1862 175 1903 27,
198 1862 246 1896 13.
259 1873 360 1894 ——eoe
375 1873 487 1905 aequo,
509 1873 569 1894 aus
587 1863 659 1894 dem
672 1862 738 1894 zu-

73 1909 189 1941 stande
214 1908 272 1940 der
297 1907 487 1940 Gleichheit
509 1910 641 1947 heraus,
666 1908 737 1940 also

71 1955 105 1986 iu
123 1954 270 1995 gleicher
283 1953 590 1995 Selbst'andigkeitg
609 1954 663 1994 37,
681 1954 722 1985 36

73 2002 107 2032 5:
126 2009 208 2042 qaae
224 1999 415 2043 disceptatio
431 2011 477 2032 ez·
494 2010 595 2042 aequo
619 2019 662 2022 —-
687 2010 740 2032 re-

73 2045 150 2078 licta
165 2047 236 2077 est?
254 2045 308 2085 35,
329 2047 380 2088 16,
399 2045 434 2086 63
455 2046 486 2087 2,
504 2046 558 2086 37,
577 2047 613 2085 ὃς
641 2055 675 2078 es
694 2046 740 2078 ist

74 2090 127 2124 ein
142 2101 280 2133 aequum
297 2090 411 2123 foedus
426 2091 580 2133 gemeint,
601 2091 652 2123 bei
663 2092 740 2123 sub-

74 2137 148 2168 iecti
169 2146 199 2168 a.
223 2146 250 2168 o.
282 2137 339 2169 das
363 2136 576 2170 Verh'ziltniss
601 2137 661 2169 der
684 2138 740 2169 de-

74 2181 198 2214 diticii:
224 2191 257 2214 es
282 2183 369 2215 ware
396 2193 457 2215 nur
474 2183 547 2215 eine
561 2183 739 2226 politische

74 2227 303 2270 Verbindung,
333 2228 415 2260 ohne
444 2228 645 2261 moi-alische
669 2227 741 2260 Μο-

74 2273 154 2314 tive‚
178 2273 304 2305 welche
322 2273 342 2316 ξ
362 2275 380 2305 3
399 2274 541 2317 angiebt,
564 2275 632 2315 vgl.
652 2274 741 2306 Thu-

75 2318 148 2361 cyd.
183 2318 210 2359 1,
235 2317 288 2359 32,
313 2320 343 2351 2.
382 2319 475 2351 Auch
504 2319 548 2351 im
578 2319 673 2361 Folg.
699 2330 739 2351 an

74 2364 247 2396 mehreren
277 2364 427 2398 Punkten
462 2365 592 2398 scheint
620 2365 656 2397 L.
687 2365 740 2397 die

75 2408 165 2486 Retze
176 2410 240 2486 k:ier
257 2409 454 2455 liei-kyr'aer
479 2411 742 2451 beriicksichtigt

76 2465 116 2486 zu
154 2465 171 2486 a
197 2464 246 2487 en.

121 2544 219 2578 4—6.
246 2546 305 2579 Die
319 2546 440 2579 Romer
453 2547 533 2580 thun
552 2548 659 2580 niehts
675 2546 741 2579 Un-

79 2591 221 2632 rechtes‚
243 2602 337 2624 wenn
356 2593 403 2624 sie
421 2592 530 2636 Capua
549 2593 741 2626 unterstiiz·

813 1635 873 1665 der
890 1632 1023 1664 Redner
1052 1632 1138 1664 fasst
1162 1643 1225 1664 uur
1249 1631 1280 1663 in
1300 1632 1356 1662 das
1375 1631 1478 1671 Auge,

813 1680 888 1710 dass
907 1678 1099 1710 die-Romer
1118 1678 1175 1709 mit
1194 1677 1315 1719 Capua,
1334 1676 1479 1708 welches

814 1724 1022 1765 selbstiindig
1039 1724 1089 1755 sei
1104 1724 1168 1755 und
1184 1723 1217 1755 in
1235 1723 1306 1754 dem
1320 1722 1484 1753 Biindniss

813 1771 872 1801 der
889 1769 1058 1801 Samnitem
1084 1770 1173 1801 nicht
1198 1769 1337 1800 beriihrt
1360 1767 1484 1807 werde,

814 1827 838 1847 s.
860 1816 913 1856 21,
937 1816 987 1855 18,
1006 1816 1036 1855 S,
1061 1815 1157 1846 einen
1185 1814 1275 1845 Bund
1300 1813 1484 1846 schliessen

814 1860 943 1901 diii-fen,
961 1862 1045 1892 ohne
1064 1872 1104 1892 zu
1119 1860 1299 1901 bedcnken,
1319 1860 1394 1891 dass
1414 1859 1484 1890 ‹lie-

814 1907 927 1939 selben
951 1907 1098 1938 dadurch
1128 1906 1278 1947 soglcich
1307 1905 1367 1936 mit
1390 1904 1483 1936 ihren

815 1952 1052 1985 Verbiindeteu
1094 1952 1127 1983 iu
1170 1950 1277 1992 Hrieg
1322 1951 1484 1991 gerathcn

814 1999 957 2038 miisscn,
977 2009 1003 2030 s.
1022 2009 1049 2029 c.
1070 1997 1123 2038 31,
1143 1997 1171 2028 2.
1184 1999 1397 2039 -appetct·.,
1415 1995 1485 2027 sich

814 2055 854 2076 an
867 2044 949 2076 euch
960 2043 1189 2075 anschliessen
1199 2043 1373 2074 wollte.—
1388 2042 1484 2073 Cam-

808 2091 901 2134 pani,
920 2100 946 2121 s.
961 2100 988 2120 c.
1009 2090 1058 2130 13,
1077 2091 1133 2122 10:
1152 2089 1288 2129 milites,
1306 2088 1410 2119 durch
1426 2088 1484 2118 das

814 2136 1010 2178 Asyndeton
1029 2135 1160 2176 quidem
1176 2133 1367 2176 gegeniiber
1384 2134 1484 2173 geho-

814 2182 892 2214 ben:
916 2181 968 2213 ihr
984 2181 1120 2212 handelt
1146 2181 1237 2212 nicht
1255 2190 1316 2210 nur
1335 2179 1484 2219 gerez-ht,

814 2227 957 2259 sondern
974 2227 1052 2258 habt
1071 2237 1133 2258 von
1148 2224 1485 2264 dieserVerbindung

815 2273 894 2304 auch
910 2282 1050 2313 grosscn
1063 2273 1084 2302 ‚N
1092 2276 1200 2303 utzen.
1212 2289 1253 2293 —
1266 2271 1359 2302 urbis
1373 2268 1482 2311 ampl„

814 2318 906 2350 Flor.
930 2318 956 2357 1,
990 2318 1038 2359 11,
1066 2318 1102 2348 6:
1128 2319 1202 2360 ipsa
1226 2319 1321 2359 caput
1348 2315 1482 2347 ‘urbiam

817 2364 946 2407 Capua,
987 2362 1151 2405 quondam
1189 2365 1275 2394 inter
1310 2364 1378 2393 tres
1412 2370 1484 2391 ma-

813 2411 928 2441 ιΥιήιαε
956 2411 1151 2447 πωπω-αἶα,
1181 2408 1247 2448 vgl.
1273 2407 1332 2446 23,
1367 2406 1422 2445 10,
1453 2406 1483 2436 2.

814 2473 856 2478 —
880 2456 968 2497 agri,
987 2456 1044 2486 das
1070 2454 1193 2486 Gebiet
1220 2454 1278 2485 der
1307 2451 1404 2483 stadt
1422 2451 1483 2481 Ca-

813 2510 893 2543 pua,
939 2501 1001 2532 und
1044 2499 1243 2542 Campanien
1288 2497 1484 2535 iiberhaupt,

815 2557 839 2578 s.
880 2557 905 2578 c.
943 2547 1002 2587 31,
1037 2548 1063 2580 1.
1097 2564 1141 2569 —
1173 2546 1335 2583 accessio,
1370 2552 1395 2573 s.
1431 2542 1484 2583 30,

814 2593 868 2635 40,
889 2595 917 2626 3.

1510 270 1561 307 30

1511 1023 1529 1052 5

1512 1140 1530 1170 6
