1763 2983
233 172 308 210 116
682 166 807 200 LIBER
832 165 899 199 Vll.
941 165 1032 198 CAP.
1066 168 1115 200 11.
1138 166 1189 199 12.
1402 174 1425 191 n.
1446 175 1472 191 u.
1494 167 1644 194 394—39e,

229 271 407 323 tibusque
429 271 628 321 geminum
650 270 895 320 triumphum
917 269 1015 319 egit3
1042 268 1158 307 Fabio
1186 267 1276 306 satis
1300 264 1438 311 visum,
1460 272 1502 305 ut
1523 278 1641 305 ovans

228 329 365 367 urbem
386 328 514 367 iniret.

162 397 199 427 io
343 385 512 423 Inridere
535 383 680 423 Poeteli
700 382 943 433 triumphum
965 381 1167 420 Tiburtes:
1190 379 1256 418 ubi
1277 380 1380 419 enim
1403 392 1492 418 eum
1510 391 1641 419 secum

224 442 304 481 acie
333 439 578 482 conflixisse?
609 445 844 492 spectatores
873 451 1018 490 paucos
1048 440 1158 488 fugae
1187 436 1531 488 trepidationisque
1553 436 1642 475 Gal—

223 500 350 538 lorum
374 504 478 537 extra
499 503 630 550 portas
651 509 849 548 egressos,
878 500 1087 546 postquam
1114 494 1154 532 in
1175 506 1215 532 se
1237 506 1391 544 quoque
1415 494 1494 532 fieri
1516 493 1642 545 impe-

222 561 306 595 tum
329 555 494 594 viderint
515 560 554 594 et
575 554 657 593 sine
680 553 902 592 discrimine
933 551 1065 590 obvios
1096 550 1223 595 caedi,
1252 550 1446 601 recepisse
1475 563 1515 588 se
1544 550 1641 588 intra

162 619 193 650 11
230 612 384 651 urbem:
415 625 500 651 eam
529 624 613 651 rem
644 610 842 660 triumpho
872 609 1025 659 dignam
1057 608 1177 646 visam
1206 607 1406 646 Romanis.
1446 619 1495 645 ne
1526 606 1641 645 nimis

221 670 365 708 mirum
388 681 650 720 magnumque
673 670 876 706 censerent
905 665 1116 704 tumultum
1136 664 1284 703 exciere
1301 663 1340 702 in
1356 663 1527 703 hostium
1550 675 1642 714 por-

227 727 291 769 tis,
335 727 523 765 maiorem
565 726 668 776 ipsos
708 722 1009 774 trepidationem
1050 726 1139 760 ante
1180 721 1334 760 moenia
1371 733 1440 760 sua
1477 720 1639 759 visuros.

148 785 199 822 12
225 783 358 834 Itaque
400 782 621 834 insequenti
662 792 762 818 anno
803 778 851 816 M.
882 778 1030 830 Popilio
1068 777 1232 817 Laenate
1269 778 1336 816 Cn.
1371 777 1509 816 Manlio
1547 788 1642 816 con-

222 840 370 879 sulibus
398 840 526 891 primo
555 837 707 877 silentio
739 836 862 874 noctis
892 835 938 874 ab
960 834 1102 873 Tibure
1132 835 1282 885 agmine
1311 834 1451 873 infesto
1479 833 1642 885 profecti

176 898 194 929 2
224 898 271 936 ad
292 896 429 935 urbem
447 897 612 935 Romam
634 898 834 933 venerunt.
872 898 1064 930 terrorem
1086 896 1247 942 repente
1269 904 1312 930 ex
1335 902 1474 930 somno
1497 890 1641 929 excita-

226 954 274 992 tis
296 952 425 993 subita
446 966 508 992 res
530 958 569 991 et
591 956 807 990 nocturnus
830 961 949 1000 pavor
969 948 1161 1000 praebuit,
1183 948 1231 987 ad
1252 948 1326 987 hoc
1346 947 1557 986 multorum
1582 947 1643 985 in-

175 1018 193 1047 3
223 1010 341 1055 scitia,
366 1011 431 1062 qui
452 1015 519 1049 aut
539 1009 642 1048 unde
662 1008 794 1046 hostes
817 1006 1087 1051 advenissent3
1110 1005 1395 1043 conclamatum
1422 1010 1553 1043 tamen
1576 1017 1641 1043 00,-

226 1066 353 1106 leriter
381 1068 426 1106 ad
456 1079 562 1106 arma
584 1071 654 1109 est,
678 1070 716 1103 et
737 1069 870 1115 portae
893 1062 1123 1102 stationibus
1154 1062 1332 1114 murique
1353 1061 1553 1113 praesidiis
1575 1062 1641 1099 tir-

224 1124 338 1171 mati3
370 1131 407 1163 et
438 1124 503 1163 ubi
534 1124 658 1174 prima
688 1123 752 1160 lux
781 1120 1017 1159 mediocrem
1052 1119 1342 1158 multitudinem
1370 1123 1457 1157 ante
1486 1118 1636 1156 moenia

228 1194 353 1233 neque
396 1182 514 1220 alium
551 1193 667 1231 quam
696 1178 899 1217 Tiburtem
932 1177 1086 1215 hostem
1116 1176 1307 1221 ostendit,
1349 1175 1498 1214 duabus
1519 1175 1643 1226 portis

225 1238 369 1288 egressi
401 1239 581 1277 eonsules
598 1237 797 1286 utrimque
827 1234 948 1273 aciem
980 1233 1231 1272 subeuntium
1254 1233 1329 1271 iam
1352 1245 1486 1271 muros
1507 1232 1643 1283 adgre-

175 1301 192 1330 4
224 1296 402 1341 ‹liuntur3
421 1294 675 1346 apparuitque
690 1292 894 1331 occasione
910 1291 1154 1341 magisquam
1174 1290 1314 1328 virtute
1332 1292 1449 1328 fretos
1469 1289 1640 1328 venisse:

222 1353 318 1391 adeo
347 1352 407 1390 vix
430 1353 598 1402 primum
624 1351 812 1400 impetum
839 1349 1104 1386 Romanorum
1129 1347 1363 1385 sustinuere.
1408 1347 1500 1397 quin
1526 1347 1639 1385 etiam

223 1410 324 1447 bono
356 1409 475 1447 fuisse
499 1408 686 1446 Romanis
715 1406 921 1444 adventum
954 1417 1088 1443 eorum
1120 1404 1340 1447 constabat,
1371 1404 1641 1453 orientemque

222 1466 297 1505 iam
320 1465 549 1504 seditionem
573 1465 673 1503 inter
692 1469 820 1514 patres
843 1468 880 1499 et
903 1462 1055 1512 plebem
1085 1466 1193 1499 metu
1221 1466 1301 1498 tam
1322 1460 1532 1511 propinqui
1553 1459 1642 1497 belli

223 1535 295 1562 con
326 1535 485 1561 ressam.
924 1552 928 1555 .

173 1584 190 1614 ὑ
299 1536 441 1618 pAlius
470 1579 656 1617 adventus
686 1576 857 1615 hostium
887 1574 959 1613 fuit
989 1574 1168 1625 proximo
1190 1586 1292 1612 anno
1315 1573 1413 1624 agris
1435 1572 1643 1612 terribilior

220 1744 260 1748 —
280 1725 386 1758 Fabio
405 1735 468 1755 von
488 1724 569 1754 satis
587 1722 684 1759 (esse)
711 1720 895 1761 abhiingig:
933 1748 940 1756 ,

219 1770 343 1807 ffi1·F.;
369 1772 475 1801 visum
501 1780 530 1799 n.
557 1769 697 1799 senalus.
724 1784 764 1788 ——
791 1765 890 1798 ini-sd.

226 1816 291 1847 soll
310 1828 338 1848 0.
363 1817 400 1848 12
416 1814 647 1846 voi-bereiten.

273 1856 340 1893 12·
381 1861 474 1893 1-4.
512 1858 661 1891 Manlius
680 1856 898 1899 (Capilolslms

227 1907 453 1949 [imperiosum.
483 1923 527 1927 —
560 1905 704 1942 inscitia,
735 1902 806 1933 bier
835 1913 897 1933 nui·

224 1952 464 1990 Unkenntniss‚
486 1950 550 1991 vgl.
570 1961 598 1981 0.
619 1949 671 1988 34,
695 1950 794 1980 121—
808 1947 895 1978 71111]-

222 2000 343 2037 loram,
370 1997 430 2028 der
448 1996 573 2027 Zusatz
593 1995 637 2025 ist
655 1994 688 2025 in
707 1994 816 2033 ssezug
842 1992 901 2024 auf

227 2042 247 2083 ξ
266 2045 284 2073 3
313 2043 402 2074 nieht
425 2042 510 2081 klar,
534 2041 584 2081 da,
608 2050 703 2071 wenn
723 2039 806 2070 auch
837 2048 896 2069 nur

227 2087 374 2128 VVenige
394 2098 429 2118 es
447 2098 513 2127 geu
524 2091 595 2117 usst
612 2085 738 2123 hatten,
758 2084 812 2115 (lie
832 2083 896 2116 Un-

223 2132 418 2174 gewissheit
429 2132 532 2163 leit-ht
548 2132 637 2162 hatte
646 2130 794 2171 gehoben
811 2139 897 2160 wer-

222 2179 284 2211 den
305 2178 445 2209 konnen.
463 2175 704 2218 —qm'—(1(lv.‚
723 2186 748 2206 5.
769 2174 822 2214 28,
845 2174 895 2213 19,

223 2226 252 2255 5.
269 2242 313 2247 —
336 2226 403 2261 (rat,
426 2225 452 2263 1,
476 2225 503 2261 1,
524 2223 553 2252 7.
568 2239 611 2244 —
624 2220 777 2261 ostendit,
795 2222 826 2259 1),
841 2220 894 2259 35,

258 2280 266 2308 3
295 2269 347 2307 22,
367 2269 395 2307 (i,
414 2268 450 2306 93
476 2267 543 2307 xgl.
563 2266 592 2304 3,
624 2266 673 2305 15,
693 2267 728 2297 S:
754 2267 894 2307 apernit.

229 2332 272 2337 —
303 2314 443 2353 duabus,
474 2313 539 2343 wel
565 2312 614 2342 die
634 2311 807 2352 Esquilina
832 2310 894 2340 und

226 2359 445 2392 Praenestina
464 2359 544 2389 oder
561 2356 699 2387 Collina.
718 2375 759 2378 -—
777 2366 895 2396 occas„

217 2406 249 2445 4,
268 2406 322 2445 32,
353 2405 403 2436 10.
430 2423 472 2427 —
499 2402 699 2439 seditionem,
722 2401 895 2432 vielleiclit

220 2452 280 2483 dei·
298 2450 463 2483 Schulden
491 2458 618 2487 wegen.
652 2446 893 2478 wahrschein-

223 2498 290 2529 lieh
305 2491 892 2531 110ῑί01115101111111(110505Ει-111311155

223 2544 292 2575 (lic.
308 2545 400 2575 Brut.
419 2543 468 2579 14,
487 2543 544 2575 545:
563 2542 636 2574 lieet
654 2538 780 2583 aliquid
795 2540 891 2570 elsam

223 2588 263 2619 (Ie
284 2590 330 2623 M.
350 2589 485 2632 Popillii
501 2590 633 2629 ingemo
652 2587 827 2629 suspicari.
844 2587 902 2626 qni

972 1730 1045 1752 eum
1063 1718 1181 1751 consul
1194 1720 1281 1749 esset
1302 1717 1480 1760 eodemque
1496 1721 1641 1762 tempore

974 1766 1177 1808 sacrificium
1192 1763 1362 1807 publicum
1380 1774 1452 1795 011771
1472 1763 1568 1795 laena
1575 1765 1640 1806 sa-

970 1814 1069 1850 eeret,
1083 1809 1170 1852 quod
1181 1811 1254 1841 erat
1261 1809 1394 1851 flamen
1408 1809 1639 1851 Carmentalis,

968 1857 1074 1900 plebel
1096 1858 1212 1887 eontra
1232 1857 1347 1897 patres
1372 1857 1582 1887 concitatione
1606 1858 1639 1886 et

970 1901 1126 1933 seditione
1162 1901 1334 1939 nuntiata,
1367 1903 1405 1932 ut
1438 1903 1512 1932 erat
1545 1901 1639 1932 laena

970 1949 1126 1986 (mulctas,
1152 1947 1199 1977 ‘lta
1224 1947 1311 1976 venit
1336 1947 1369 1975 ἰη
1386 1948 1569 1977 eontiomme
1588 1957 1640 1977 se-

972 1993 1194 2033 ditionemque
1226 2000 1302 2022 eum
1333 1993 1534 2022 auam-itale
1566 1993 1637 2022 tum

971 2041 1119 2070 (macione
1136 2036 1271 2068 sedavit.

1018 2082 1115 2115 5-(5.
1147 2082 1246 2121 alius,
1264 2081 1341 2111 weil
1360 2092 1421 2113 nur
1435 2082 1495 2113 der
1512 2079 1639 2112 Einfall

973 2130 1031 2161 mit
1045 2129 1116 2159 dem
1135 2128 1214 2158 eben
1231 2127 1422 2161 esuahnten
1442 2126 1638 2166 vergliclien

972 2175 1066 2213 wird,
1097 2173 1185 2204 nicht
1210 2172 1261 2203 die
1279 2170 1413 2203 Feinde.
1438 2190 1482 2195 —
1504 2172 1577 2214 fail
1594 2171 1639 2203 ist

970 2231 992 2250 11
1003 2220 1035 2251 ol
1047 2219 1170 2251 nurdie
1187 2217 1314 2259 copula,
1330 2217 1437 2249 nicht:
1452 2217 1527 2248 fand
1543 2221 1636 2256 statt,

972 2266 1024 2305 21,
1042 2265 1073 2305 8,
1095 2267 1107 2297 1
1129 2275 1159 2295 u.
1179 2273 1220 2301 a.‚
1247 2263 1331 2293 daun
1350 2263 1430 2294 aber
1447 2262 1499 2294 die
1517 2261 1636 2294 Wort—

972 2311 1120 2350 stellung
1144 2307 1345 2349 auffallend,
1368 2309 1431 2339 und
1455 2307 1548 2339 viell.
1571 2307 1635 2339 wie

969 2356 1010 2387 im
1022 2355 1116 2396 Folg.
1131 2355 1163 2386 in
1176 2355 1236 2385 den
1248 2353 1322 2384 Hss.
1335 2355 1475 2394 gestiit-t.
1484 2371 1525 2376 --
1537 2363 1636 2392 amm,

969 2412 1004 2433 es
1041 2401 1085 2432 ist
1120 2401 1177 2431 das
1211 2398 1283 2441 §tiz
1310 2401 1387 2430 novi
1406 2398 1555 2431 eonsules
1580 2398 1635 2429 be—

967 2444 1316 2486 zeichneteJah1·‚x·gl.
1328 2446 1359 2484 6,
1377 2445 1429 2485 34,
1447 2445 1475 2484 1,
1492 2445 1550 2475 das
1563 2443 1633 2475 hds.

967 2492 1045 2525 bello
1073 2491 1201 2523 scheint
1226 2501 1340 2532 wegen
1364 2493 1433 2521 tam
1456 2490 1637 2532 propinqui

966 2539 1039 2570 belli
1054 2537 1074 2579 ξ
1092 2538 1110 2567 4
1130 2537 1217 2569 nieht
1235 2537 1386 2580 passend.
1403 2555 1446 2558 —-
1464 2537 1570 2576 agris,
1591 2535 1632 2565 im

973 2584 1162 2625 Gegensatz
1184 2593 1225 2614 zu
1248 2581 1268 2623 ξ
1296 2582 1309 2613 1
1338 2580 1393 2622 fg„
1425 2580 1562 2613 deshalb
1588 2579 1634 2611 ist
