1763 2983
212 204 296 247 352

689 203 813 236 LIBER
831 203 956 237 XXIII.
976 203 1069 238 CAP.
1082 206 1136 239 31.

1473 211 1500 229 a.
1518 210 1546 229 u.
1566 202 1627 230 539.

133 310 189 350 31
211 319 324 358 spere
356 319 439 345 rem
470 307 659 358 gessisset.
711 308 885 355 Senatus,
917 320 995 359 quo
1017 307 1077 347 die
1110 307 1282 359 primum
1304 307 1420 346 estin
1444 307 1627 358 Capitolio

212 363 426 409 consultus,
449 363 627 410 decrevit,
654 369 696 402 ut
720 364 823 414 [quo]
848 376 892 403 eo
914 377 1018 403 anno
1042 365 1185 415 duplex
1206 363 1395 403 tributum
1413 364 1627 414 imperare-

173 429 191 459 2
214 426 296 466 tur,
328 420 490 470 simplex
519 420 724 459 confestim
756 420 991 472 exigeretur,
1018 433 1063 459 ex
1085 433 1163 472 quo
1186 420 1421 472 stipendium
1444 432 1628 470 praesens

213 475 396 514 omnibus
427 477 610 516 militibus
640 477 807 524 daretur,
839 484 1109 528 praeterquam
1140 477 1207 528 qui
1240 477 1375 515 milites
1407 477 1453 515 ad
1478 476 1626 515 Cannas

173 542 192 572 3
214 533 388 571 fuissent.
420 533 467 571 de
491 533 720 572 exercitibus
741 534 790 572 ita
815 534 1083 580 decreverunt,
1104 539 1147 572 ut
1168 533 1318 572 duabus
1329 533 1546 584 legionibus
1557 545 1627 571 ur-

215 589 322 627 banis
346 589 402 627 Ti.
424 589 680 640 Sempronius
711 591 848 629 consul
879 590 984 629 Cales
1010 590 1055 629 ad
1082 590 1395 628 conveniendum
1416 590 1517 628 diem
1544 589 1627 628 edi—

213 652 335 692 ceret,
358 645 448 684 iude
471 659 535 685 eae
555 647 725 697 legiones
746 646 786 685 in
810 653 930 686 castra
955 647 1158 685 Claudiana
1182 658 1298 697 supra
1314 646 1535 685 Suessulam
1558 645 1627 684 de-

172 711 192 742 4
213 702 460 740 ducerentur.
512 715 609 754 quae
636 703 688 742 ibi
708 703 877 754 legiones
901 709 1029 742 essent
1052 726 1106 730 —
1131 708 1240 741 erant
1261 708 1389 741 autem
1412 702 1628 741 Cannensis

214 759 379 797 maxime
410 760 599 798 exercitus
612 783 677 806 —,
700 772 761 798 eas
783 760 881 811 App.
904 760 1084 799 Claudius
1105 759 1272 798 Pulcher
1292 764 1448 810 praetor
1469 759 1509 797 in
1531 759 1626 798 Sici-

211 816 300 854 liam
326 815 511 863 traiceret,
543 828 719 867 quaeque
748 817 789 854 in
816 817 939 855 Sicilia
962 822 1102 862 essent,
1128 817 1294 855 Romam
1319 815 1627 866 deportarentur.

173 883 192 914 5
211 872 257 910 ad
280 872 505 920 exercitum,
529 873 589 911 cui
604 873 651 912 ad
673 873 987 912 conveniendum
999 873 1104 911 Cales
1117 872 1238 911 edicta
1251 872 1331 911 dies
1343 876 1433 918 erat,
1454 871 1626 910 M.Clau-

212 929 298 967 dius
321 929 521 968 Marcellus
545 929 698 976 missus,
727 930 838 980 isque
859 930 988 968 iussus
1009 929 1049 968 in
1072 934 1193 967 castra
1206 929 1410 968 Claudiana
1435 928 1626 967 deducere

171 994 191 1026 6
213 985 378 1023 urbanas
407 985 590 1036 legiones.
627 986 674 1023 ad
704 993 873 1025 veterem
902 986 1114 1024 exercitum
1135 985 1404 1036 accipiendum
1428 985 1627 1023 deducen-

212 1043 384 1093 dumque
405 1042 496 1080 inde
516 1042 556 1080 in
578 1042 743 1080 Siciliam
765 1042 1027 1080 Ti.Maecilius
1039 1042 1154 1080 Croto
1174 1042 1320 1092 legatus
1343 1040 1389 1079 ab
1402 1041 1626 1091 App.Clau-

172 1106 191 1136 7
212 1098 275 1137 dio
309 1104 366 1136 est
393 1098 546 1137 missus
596 1098 696 1137 taciti
715 1099 842 1149 primo
867 1103 1159 1149 expectaverant
1183 1097 1384 1143 homines,
1414 1097 1470 1135 uti
1493 1097 1629 1135 consul

211 1155 364 1193 comitia
386 1155 566 1206 conlegae
588 1155 754 1193 creando
778 1155 955 1201 haberet,
977 1155 1128 1199 deinde,
1150 1154 1216 1192 ubi
1236 1153 1450 1205 ablegatum
1463 1153 1567 1192 velut
1581 1153 1628 1191 de

211 1211 399 1250 industria
409 1212 457 1250 M.
470 1212 691 1250 Marcellum
710 1211 901 1258 viderunt,
925 1224 1041 1263 quem
1065 1211 1231 1250 maxime
1255 1210 1455 1249 consulem
1474 1210 1515 1248 in
1537 1221 1628 1248 eum

211 1280 360 1306 annum
385 1267 434 1306 oh
458 1268 608 1319 egregie
628 1268 668 1306 in
691 1274 870 1319 praetura
892 1281 953 1307 res
976 1273 1099 1319 gestas
1118 1267 1238 1306 creari
1260 1266 1460 1313 volebant,
1491 1265 1625 1304 fremi-

172 1335 191 1367 8
213 1331 272 1363 tus
291 1325 333 1363 in
355 1325 460 1363 curia
483 1331 604 1364 ortus.
636 1325 741 1375 quod
763 1325 830 1363 uhi
851 1325 970 1364 sensit
993 1325 1141 1370 consul,
1165 1326 1425 1374 „utrumque“
1447 1322 1575 1373 inquit
1585 1335 1629 1370 „e

209 1454 294 1488 esset,
320 1448 351 1487 3,
377 1449 409 1487 4,
437 1448 488 1481 10.
509 1466 549 1470 -
562 1458 636 1487 pop.
658 1449 745 1488 iuss„
761 1447 793 1478 iu
810 1447 884 1479 Tri-

209 1493 437 1534 butcomitien,
472 1504 498 1525 s.
532 1495 586 1533 26,
622 1495 653 1533 2,
689 1496 726 1533 53
759 1493 801 1525 ib.
832 1495 883 1534 18,

211 1542 249 1577 ὃς
275 1538 482 1580 gewiihnlich
506 1539 676 1580 prorogirt
708 1539 741 1570 in
776 1539 885 1571 dieser

210 1584 286 1616 Zeit
339 1585 397 1616 der
444 1584 546 1616 Senat
594 1586 651 1616 das
701 1584 882 1627 imperium,

211 1630 387 1662 Mommsen
416 1630 480 1661 Str.
507 1632 570 1664 525
582 1628 602 1661 f.

258 1673 326 1712 31.
366 1676 460 1708 1—2.
493 1687 555 1716 quo
590 1678 639 1708 die
662 1687 730 1716 pr„
766 1676 806 1706 da
833 1675 883 1707 die

212 1725 298 1753 erste
331 1721 469 1762 Sitzung
500 1721 543 1752 im
576 1721 676 1753 Jahre
714 1721 827 1752 immer
851 1721 884 1752 in

212 1767 283 1798 dem
307 1766 442 1809 Tempel
466 1767 521 1798 des
554 1766 706 1809 Juppiter
730 1766 789 1798 auf
813 1767 883 1798 dem

211 1812 360 1854 Capitole
377 1816 462 1844 statt
470 1813 540 1852 hat,
551 1823 576 1844 s.
588 1814 641 1852 26,
658 1814 671 1845 1
686 1824 693 1852 ;
707 1812 884 1844 Mommsen

212 1870 241 1890 a.
269 1869 299 1891 a.
327 1857 364 1890 Ο.
399 1860 482 1897 504,
517 1868 552 1890 so
578 1858 622 1889 ist
649 1858 706 1890 der
726 1857 884 1890 Gedanke

212 1905 293 1935 kurz
317 1904 538 1945 ausgedriickt
565 1908 663 1935 statt:
690 1906 798 1943 primo
825 1906 885 1945 die,

211 1961 273 1990 quo
297 1957 432 1989 sommas,
448 1956 482 1981 ut
508 1952 634 1991 adsolet,
666 1952 699 1981 in
734 1952 885 1989 Capitolio

212 1997 336 2027 habitus
370 2002 423 2027 est.
465 2014 507 2017 —
543 1998 676 2027 decrevit
701 1999 774 2033 etc„
801 2006 825 2027 s.
853 1997 884 2033 4,

214 2043 267 2080 59,
300 2043 359 2083 113
387 2042 441 2079 24,
473 2043 523 2080 11,
553 2043 591 2082 ῖς
620 2040 731 2081 Lange
760 2042 787 2079 1,
811 2042 887 2073 467.

212 2097 272 2127 quo
297 2086 341 2117 ist
366 2086 431 2116 wol
456 2096 513 2117 aus
544 2087 601 2117 der
630 2087 780 2126 vorherg.
807 2086 887 2117 oder

213 2131 291 2172 folg.
328 2130 419 2162 Zeile
452 2130 585 2163 hierher
618 2131 817 2172 gekommen.
845 2149 880 2153 —

211 2179 352 2216 simplex,
387 2178 418 2215 4,
454 2178 508 2216 60,
544 2179 580 2217 53
616 2178 669 2215 29,
708 2178 758 2216 15,
785 2178 822 2210 9:
854 2178 887 2207 in

213 2225 302 2255 milia
332 2225 416 2254 aeris
451 2233 533 2254 asses
566 2224 715 2264 sz'nqulos.
750 2240 794 2244 —-
827 2224 885 2253 sti-

204 2271 301 2308 pond.
322 2279 388 2307 pr„
414 2268 471 2299 das
488 2267 627 2309 stipend.
646 2266 700 2299 fiir
725 2268 783 2298 das
808 2277 886 2299 ver-

215 2317 350 2346 tlossene
371 2314 463 2353 Jahr,
492 2324 516 2345 s.
546 2316 576 2353 5,
607 2315 632 2346 1.
661 2334 698 2338 —
721 2320 882 2354 praeterq.

215 2363 288 2399 etc„
323 2358 414 2390 Paul.
446 2359 536 2391 Diae.
568 2370 597 2401 p.
635 2360 694 2391 69:
741 2361 884 2391 dirutum

213 2417 283 2437 aere
300 2408 425 2437 militem
442 2406 582 2437 dicebant
598 2406 742 2445 antiqui,
760 2407 814 2436 ceci
832 2407 887 2436 sti-

206 2453 360 2490 pendium
389 2453 643 2492 iqnomz'nme
667 2461 791 2482 eausa
822 2461 886 2481 nou

213 2503 279 2529 erat
303 2499 421 2535 datum,
448 2496 515 2537 vgl.
541 2498 573 2536 9,
598 2498 647 2536 16,
671 2497 729 2535 183
755 2498 809 2535 40,
831 2497 886 2535 41,

218 2544 267 2575 11.
316 2542 374 2574 Die
412 2540 578 2582 Feldziige
619 2541 756 2573 wurdeu
790 2540 887 2573 ihnen

214 2587 306 2618 nieht
337 2588 523 2628 gerechnet.
561 2605 597 2609 -
627 2594 786 2628 praeterq.
832 2589 890 2627 qui

215 2632 258 2664 ist
280 2632 344 2664 wie
362 2639 521 2674 praeterq.
547 2639 590 2673 ut,
616 2644 684 2665 eum
710 2635 741 2673 4,
771 2634 802 2673 4,
830 2634 889 2672 123

955 1449 1007 1487 34,
1034 1449 1089 1487 48,
1110 1450 1128 1480 5
1149 1446 1266 1486 selten,
1284 1445 1396 1487 hiiufig
1417 1452 1517 1486 praet.
1536 1447 1629 1486 quod.

999 1494 1097 1526 3—6.
1139 1494 1308 1532 decrever.‚
1346 1491 1398 1523 die
1437 1490 1628 1531 Einzelnen,

952 1539 1020 1580 vgl.
1045 1540 1064 1578 ἓ
1086 1540 1112 1571 1.
1130 1556 1172 1560 -
1190 1541 1244 1579 leq.
1265 1539 1348 1577 urb„
1370 1548 1395 1569 S.
1414 1547 1440 1568 c.
1458 1538 1513 1576 25,
1534 1537 1566 1569 9.
1586 1554 1630 1559 —

955 1587 1041 1617 Cales
1064 1597 1091 1616 a.
1117 1596 1153 1623 6.,
1174 1594 1199 1615 s.
1227 1586 1281 1623 22,
1304 1585 1354 1622 11,
1383 1583 1412 1615 3.
1433 1600 1477 1604 *-
1498 1584 1629 1614 Claudi-

954 1642 1026 1670 ana,
1047 1640 1074 1661 c.
1095 1631 1147 1668 17,
1169 1631 1207 1669 33
1235 1639 1269 1661 es
1287 1638 1358 1660 war
1377 1629 1461 1659 uach
1482 1626 1627 1659 Mareel-

953 1676 1003 1708 lus
1024 1675 1128 1707 selbst
1146 1678 1300 1716 genannt.
1325 1692 1367 1696 —-
1389 1677 1541 1706 Cannam.
1568 1684 1626 1713 ex„

955 1732 981 1755 c.
1015 1723 1068 1761 25,
1108 1723 1135 1753 7.
1167 1739 1206 1742 -—
1240 1723 1382 1759 Romam,
1417 1719 1484 1760 vgl.
1517 1729 1544 1750 c,
1572 1719 1627 1758 25,

958 1768 1015 1807 1ος
1043 1768 1097 1807 32,
1131 1768 1180 1800 16.
1230 1766 1290 1798 Die
1308 1764 1447 1796 Ansicht
1472 1764 1555 1796 iiber
1576 1763 1629 1795 die

956 1812 983 1845 V
988 1813 1188 1853 erwendung
1206 1812 1311 1844 dieses
1330 1811 1452 1842 Heeres
1477 1811 1536 1841 hat
1559 1808 1631 1840 sich

954 1857 1122 1890 mehrfaeh
1140 1858 1316 1900 gezindert3
1341 1856 1394 1888 die
1417 1854 1631 1896 Aufziihlung

955 1904 1013 1936 der
1051 1903 1218 1944 Legionen
1256 1903 1300 1935 ist
1336 1912 1394 1933 aus
1431 1912 1456 1933 e.
1495 1902 1548 1940 32,
1593 1902 1630 1940 13

957 1948 1028 1983 16f.
1054 1960 1091 1980 su
1120 1947 1446 1988 vervollstiindigem
1472 1947 1555 1977 nach
1574 1947 1629 1985 24,

960 1996 1011 2033 11,
1039 1996 1057 2027 2
1083 2004 1196 2026 waren
1223 2004 1275 2025 am
1298 1993 1390 2024 Ende
1423 1992 1479 2023 des
1509 1991 1629 2022 Jahres

960 2041 999 2072 18
1034 2039 1199 2080 Legiouen
1237 2039 1279 2070 im
1306 2038 1452 2070 Blenste.
1481 2055 1521 2060 —
1548 2039 1630 2078 ἱερα-

955 2092 1016 2124 tus,
1046 2095 1107 2115 von
1125 2084 1248 2127 Appius
1276 2085 1320 2116 ist
1345 2083 1412 2114 ihm
1437 2082 1490 2114 ein
1514 2082 1631 2114 beson-

956 2131 1050 2162 deres
1068 2130 1265 2162 Commando
1283 2132 1493 2169 anvertraut,
1520 2138 1547 2160 c,
1575 2130 1629 2168 34,

1003 2224 1099 2255 7-9.
1117 2228 1227 2260 expect.
1249 2240 1292 2243 —
1318 2223 1376 2259 uti,
1397 2230 1421 2251 s·
1440 2221 1494 2258 26,
1519 2220 1570 2260 18,
1590 2221 1631 2259 53

956 2269 987 2305 9,
1009 2268 1063 2307 32,
1087 2270 1115 2300 5.
1137 2285 1179 2289 ——
1199 2269 1348 2307 homines,
1376 2267 1430 2305 22,
1456 2266 1510 2305 61,
1540 2266 1566 2297 1.
1587 2282 1630 2286 —

954 2316 1062 2345 consul
1104 2317 1178 2353 etc„
1219 2313 1277 2344 der
1308 2313 1364 2343 das
1397 2311 1476 2342 Amt
1507 2309 1631 2341 bereits

954 2363 1147 2399 angetreten
1172 2359 1241 2397 hat,
1268 2357 1333 2389 wie
1366 2358 1420 2398 22,
1451 2357 1504 2396 35,
1531 2356 1561 2388 2.
1588 2373 1631 2378 —

953 2407 1080 2446 eqreqzb,
1107 2414 1167 2435 zur
1185 2403 1435 2443 Wortstellung
1458 2412 1484 2432 c.
1503 2402 1558 2440 27,
1586 2402 1628 2442 4;

956 2452 987 2490 6,
1007 2451 1060 2490 23,
1079 2451 1110 2483 4.
1130 2468 1173 2472 —
1189 2451 1223 2481 in
1237 2451 1336 2488 curia,
1356 2449 1413 2480 das
1427 2446 1525 2478 sollte
1544 2456 1630 2486 man,

956 2495 997 2527 da
1015 2496 1097 2527 nach
1125 2493 1145 2536 ξ
1184 2496 1222 2527 13
1255 2494 1306 2526 die
1332 2492 1437 2526 Wahl
1469 2492 1541 2524 dem
1568 2490 1629 2523 Se—

956 2545 1033 2573 nate
1056 2539 1235 2581 missfiillig
1259 2549 1409 2580 gewesen
1436 2537 1505 2570 sein
1530 2547 1630 2578 muss,

958 2586 1048 2617 nicht
1074 2590 1252 2626 erwarten,
1286 2595 1381 2616 wenn
1414 2583 1506 2615 nicht
1541 2586 1631 2614 etwa

957 2632 1000 2664 im
1018 2632 1120 2664 Senat
1145 2631 1227 2663 zwei
1254 2629 1408 2662 Parteien
1437 2628 1631 2661 hestauden.
