1763 2983
151 160 180 180 ι.
201 151 252 179 oh.
272 151 331 178 296.
665 150 791 186 LIBER
815 151 860 185 X.
898 151 992 186 CAP.
1011 152 1062 186 19.
1487 154 1568 194 415

151 258 290 304 sponte
307 253 484 293 oblatum
505 258 779 305 sperneretur3
801 254 934 305 plures
952 255 1109 294 abeunti
1126 254 1339 294 Volumnio
1357 254 1569 303 obsistere3

154 309 350 357 obtestari,
369 322 417 350 ne
432 323 551 362 pravo
570 323 658 350 cum
670 311 814 362 collega
827 312 1041 350 certamine
1055 324 1139 350 rem
1152 311 1516 363 publicamprodat:
1537 311 1570 351 si

151 379 226 418 qua
247 367 374 406 clades
393 367 606 415 incidisset,
628 368 821 407 desertori
841 368 963 419 magis
985 382 1102 421 quam
1125 369 1282 408 deserto
1305 369 1441 408 noxiae
1462 369 1570 415 fore;

153 436 198 462 eo
219 436 303 462 rem
326 424 544 472 adductam,
568 430 611 464 ut
633 436 752 464 omne
774 425 831 464 rei
851 425 952 464 liene
974 432 1040 465 aut
1060 438 1172 465 secus
1202 431 1332 477 gestae
1353 426 1393 465 in
1413 425 1570 466 Etruria

152 480 270 520 decus
287 481 536 533 dedecusque
547 482 593 521 ad
605 481 647 521 L.
658 482 911 521 Volumnium
921 482 970 521 sit
982 482 1223 534 delegatum,-
1246 483 1443 522 neminem
1454 496 1574 535 quae—

149 538 331 583 siturum,
354 550 451 590 quae
473 539 588 578 verba
610 539 720 591 Appi,
743 539 812 578 sed
834 552 932 591 quae
953 539 1113 579 fortuna
1135 540 1327 580 exercitus
1347 541 1485 588 fuerit,
1508 540 1568 579 di—

151 594 252 633 mitti
273 595 318 634 ab
329 596 453 647 Appio
471 609 573 643 eum,
596 597 662 635 sed
684 610 704 635 a
722 610 762 636 re
778 596 931 648 publica
950 601 987 635 et
1004 597 1051 635 ab
1068 597 1240 636 exercitu
1256 597 1437 646 retineri,
1455 611 1575 649 expe—

149 651 294 690 riretur
315 653 432 692 modo
456 654 696 693 voluntatem
718 654 901 693 militum.
934 654 1028 692 haec
1045 654 1241 693 monendo
1259 654 1570 707 obtestandoque

150 721 272 760 prope
293 710 518 749 restitantes
541 711 721 750 consules
744 710 783 750 in
805 710 1030 750 contionem
1058 716 1347 762 pertraxerunt.
1402 711 1454 750 ibi
1483 724 1571 751 ora-

153 765 280 805 tiones
302 766 496 819 longiores
517 768 671 807 hahitae
693 768 733 806 in
762 769 923 807 eandem
954 768 1078 807 ferme
1109 768 1358 815 sententiam,
1388 768 1429 807 in
1458 782 1574 820 quam

151 823 251 862 inter
270 836 415 875 paucos
437 830 629 865 certatum
650 824 779 864 verbis
806 826 948 865 fuerat.
1001 830 1039 864 et
1067 838 1156 864 cum
1178 825 1423 873 Volumnius,
1455 839 1569 866 causa

151 880 343 931 superior,
370 893 420 920 ne
441 882 677 922 infacundus
707 882 865 934 quidem
895 882 1080 921 adversus
1104 882 1283 921 eximiam
1308 883 1572 934 eloquentiam

150 937 317 988 collegae
338 939 443 978 visus
471 945 586 987 esset,
619 939 881 992 cavillansque
910 939 1058 991 Appius
1087 939 1160 978 sibi
1190 945 1394 991 acceptum
1424 941 1571 980 referre

150 993 296 1034 diceret
318 995 473 1043 debere,
497 998 598 1048 quod
622 1010 667 1036 ex
684 1003 795 1036 muto
812 1003 930 1048 atque
952 996 1095 1048 elingui
1111 997 1323 1036 facundum
1340 997 1458 1036 etiam
1476 1011 1572 1037 con-

150 1052 276 1090 sulem
294 1053 505 1093 haherent:
521 1055 651 1106 priore
661 1055 877 1100 consulatu,
894 1054 1033 1105 primis
1044 1054 1181 1106 utique
1192 1054 1406 1102 mensibus,
1425 1055 1576 1094 hiscere

152 1121 242 1148 eum
260 1110 456 1162 nequisse,
480 1123 587 1150 nunc
603 1111 680 1151 iam
698 1111 899 1163 popularis
917 1111 1116 1151 orationes
1133 1123 1283 1150 serere:
1309 1124 1454 1163 „quam
1472 1112 1571 1152 mal-

150 1166 254 1204 lem“
277 1167 403 1219 inquit
424 1168 668 1214 Volumnius,
702 1174 772 1215 „tu
800 1181 820 1207 a
842 1181 905 1207 me
928 1174 1090 1207 strenue
1112 1168 1240 1208 facere
1263 1182 1380 1220 quam
1403 1182 1472 1220 ego
1504 1170 1571 1209 abs

149 1228 188 1261 te
210 1224 305 1262 scite
323 1225 429 1276 loqui
446 1225 709 1265 didicissen1.“
741 1232 942 1277 postremo
962 1225 1236 1265 condicionem
1255 1228 1369 1273 serre,
1386 1240 1485 1278 quae
1504 1227 1572 1266 ‹le-

152 1286 306 1320 cretura
327 1282 387 1329 sit,
409 1294 489 1322 non
510 1288 643 1323 orator
663 1305 717 1312 —
737 1294 865 1334 neque
888 1283 994 1321 enim
1016 1283 1054 1322 id
1076 1282 1299 1322 desiderare
1327 1295 1412 1322 rem
1442 1284 1573 1335 puhli-

151 1350 235 1377 cam
257 1362 312 1367 ——
332 1340 399 1378 sed
432 1340 641 1392 imperator
670 1346 759 1379 uter
788 1340 839 1379 sit
868 1340 1019 1379 melior.
1069 1339 1269 1379 Etruriam
1297 1345 1336 1379 et
1364 1340 1570 1380 Samnium

150 1395 371 1446 provincias
390 1409 493 1443 esse;
512 1403 639 1437 utram
658 1396 788 1436 mallet
805 1397 987 1448 eligeret:
1006 1410 1077 1436 suo
1095 1397 1267 1437 exercitu
1286 1410 1328 1436 se
1339 1398 1396 1436 vel
1406 1398 1445 1436 in
1454 1398 1575 1437 Etru-

149 1452 204 1490 ria
226 1453 285 1491 vel
305 1453 344 1492 in
366 1454 525 1493 Samnio
548 1467 631 1494 rem
656 1460 872 1506 gesturum.
913 1460 996 1494 tum
1022 1454 1192 1493 militum
1215 1454 1361 1494 clamor
1383 1461 1505 1502 ortus,
1528 1462 1571 1495 ut

150 1509 265 1548 simul
300 1510 413 1550 ambo
449 1511 593 1551 bellum
624 1511 835 1551 Etruscum
870 1511 1130 1563 susciperent.
1182 1525 1260 1564 quo
1297 1512 1567 1552 animadverso

148 1661 237 1694 liche
255 1671 325 1694 was
349 1663 565 1696 hervortritt.
584 1682 626 1686 —
645 1674 822 1707 spernere-

149 1709 207 1738 tur
224 1708 307 1739 ohne
325 1707 513 1749 Beziehung
529 1708 588 1741 auf
610 1709 668 1741 das
686 1709 823 1750 Subject

897 1669 969 1696 satz
994 1673 1035 1694 zu
1059 1666 1228 1696 orationes
1252 1663 1353 1706 longa,
1386 1665 1451 1696 wie
1477 1671 1572 1698 sonst

895 1708 994 1750 dicta,
1013 1709 1116 1740 kurze
1133 1710 1243 1750 siitze,
1268 1710 1333 1741 und
1358 1710 1391 1741 iu
1415 1711 1476 1742 der
1494 1721 1570 1743 vor-

151 1752 217 1784 soll
249 1753 317 1784 wol
348 1753 543 1786 acciendum
575 1755 658 1786 ohne
690 1756 724 1786 ei
749 1759 823 1786 ent-

150 1798 325 1840 spreeheu3
352 1799 486 1832 Andere
511 1800 625 1832 ziehen
651 1802 823 1843 sperneret

151 1853 222 1875 vor.
241 1862 283 1866 —-
300 1845 415 1877 obs-ist.
441 1846 604 1877 obtestari
627 1846 679 1878 die
697 1845 822 1878 Allite-

149 1889 260 1921 ration
278 1889 342 1921 wie
360 1890 390 1932 6,
405 1890 459 1930 22,
477 1891 512 1931 73
531 1891 574 1923 ib.
590 1891 643 1931 38,
665 1892 699 1923 6:
718 1893 822 1923 inter-

147 1936 328 1966 cessionem
346 1938 535 1977 secessione,
555 1939 584 1977 9,
601 1937 654 1978 27,
666 1938 702 1969 4:
724 1936 821 1968 Cam.-

146 1990 256 2023 panos
272 1990 416 2024 campos.
442 2001 484 2005 --
506 1983 643 2025 prodat,
670 1983 721 2015 als
744 1993 822 2025 pro-

148 2025 247 2066 ditor,
265 2027 324 2059 der
349 2027 421 2058 den-1
441 2028 556 2060 Staate
583 2028 738 2068 schadet,
765 2028 822 2060 de-

149 2073 283 2113 sertori,
308 2073 369 2104 der
384 2072 453 2114 seig
470 2074 529 2105 der
548 2073 674 2106 Gefahr
692 2086 732 2106 zu
749 2079 822 2106 ent-

148 2117 251 2158 gehen
277 2118 384 2150 sucht.
402 2138 444 2142 —
461 2121 598 2161 nomiae,
625 2121 656 2160 2,
683 2120 736 2160 54,
765 2120 820 2159 10;

169 2187 292 2240 y5——6.
326 2210 527 2260 restitantes,
559 2221 585 2243 s.
622 2212 653 2253 7,
686 2211 821 2251 39,14,

149 2255 232 2286 nach
257 2254 318 2285 den
346 2237 530 2288 Romikern
555 2261 669 2289 zuerst
694 2256 822 2289 wiede1

149 2309 213 2331 von
247 2299 284 2331 L.
316 2300 509 2340 gebraucht.
544 2321 585 2325 ——
619 2304 655 2333 z'n
687 2313 716 2344 q.
727 2326 735 2342 ‚
768 2302 820 2334 die

147 2343 282 2387 Pra'pos.
300 2345 346 2377 ist
363 2346 571 2388 wiederholt‚
590 2348 666 2380 weil
681 2348 740 2380 der
753 2347 819 2380 Re-

148 2389 308 2423 lativsatz
319 2391 372 2422 ein
385 2393 525 2425 anderes
533 2392 691 2425 Pradicat
701 2393 751 2425 als
760 2393 820 2425 der

149 2433 331 2478 Hauptsatz
348 2437 415 2478 hat,
442 2439 562 2471 auders
580 2449 608 2471 c.
627 2439 681 2481 31,
709 2438 748 2470 13
766 2449 818 2470 wo

149 2491 220 2512 esse
236 2481 321 2513 auch
336 2481 390 2514 bei
406 2485 440 2515 in
457 2484 602 2526 fortuna
626 2495 667 2516 zu
692 2484 819 2516 denken

149 2525 204 2558 ist.
223 2545 264 2549 —
282 2529 370 2560 inter
393 2539 436 2571 p,
462 2529 516 2561 die
534 2530 552 2570 ξ
573 2530 586 2562 1
609 2529 817 2562 Geuannten

151 2589 191 2593 —
216 2573 321 2605 verbes
345 2574 450 2607 bildct
475 2575 580 2607 allein
606 2576 668 2608 den
688 2574 819 2616 Gegen-

896 1754 1100 1786 classischen
1130 1755 1207 1787 Zeit
1235 1756 1319 1787 auch
1348 1756 1486 1787 verbum.
1514 1767 1571 1798 ge-

895 1800 1036 1832 hraucht
1053 1800 1158 1840 wird3
1188 1801 1256 1842 vgl.
1271 1800 1393 1841 jedoch
1411 1813 1438 1833 c.
1458 1802 1513 1842 24,
1531 1803 1570 1834 4;

891 1856 1000 1889 pauca
1019 1847 1125 1878 verba.
1145 1866 1187 1869 —
1204 1846 1378 1888 eloquent„
1397 1858 1424 1879 c.
1443 1848 1497 1888 22,
1517 1848 1548 1879 7.

943 1891 1042 1923 7—8.
1083 1892 1219 1934 referre
1258 1903 1288 1923 11.
1329 1892 1450 1924 milites
1491 1893 1571 1925 oder

894 1937 1093 1979 iiberhaupt:
1109 1948 1192 1969 man.
1210 1957 1252 1961 —
1266 1941 1357 1970 muto
1369 1941 1466 1980 atque
1479 1938 1530 1977 el.,
1545 1950 1572 1971 S.

894 1981 1098 2014 Tacit.Dial.
1111 1983 1152 2015 3ss
1163 1982 1237 2016 f.—
1248 1995 1350 2025 quam
1365 1995 1423 2025 «πμ,
1439 1985 1506 2025 vgl.
1519 1984 1574 2024 22,

895 2028 953 2068 49,
988 2029 1020 2069 4,
1055 2028 1122 2060 Cic.
1151 2028 1223 2061 Fin.
1250 2030 1281 2069 3,
1309 2029 1339 2069 3,
1368 2032 1418 2063 10.
1445 2049 1488 2053 —
1509 2041 1572 2073 po-

893 2076 1030 2111 stremo,
1056 2074 1116 2106 mit
1134 2074 1376 2116 Uebergehung
1400 2076 1461 2107 der
1488 2076 1571 2108 wei-

894 2124 990 2151 tereu
1005 2119 1251 2161 Erklaruugen,
1277 2121 1341 2152 wie
1364 2126 1460 2153 sonst
1477 2121 1572 2153 deni-

894 2175 965 2206 que.
984 2184 1026 2188 -—
1045 2165 1272 2198 condicionem.
1301 2171 1378 2207 etc.,
1407 2167 1459 2198 ein
1482 2167 1570 2201 Vor-

894 2210 1020 2251 schlag,
1046 2212 1107 2243 der
1133 2212 1187 2244 die
1207 2212 1486 2253 Hartniickigkeit
1511 2213 1569 2245 des

893 2255 1034 2298 Appius,
1068 2257 1217 2289 welcher
1243 2259 1301 2289 das
1319 2257 1485 2290 interesse
1512 2259 1569 2290 des

893 2302 1028 2334 staates
1068 2303 1194 2334 seinem
1235 2303 1411 2343 Egoismus
1453 2303 1568 2346 opfern

893 2347 1022 2388 wolste,
1048 2348 1165 2389 zeigen
1191 2353 1328 2381 musste.
1347 2368 1389 2372 —
1406 2349 1501 2390 ferre
1526 2363 1567 2376 Ξ

892 2393 1031 2434 offerre,
1054 2395 1081 2434 1,
1100 2394 1154 2435 56,
1176 2394 1352 2436 1032,13‚
1369 2394 1403 2433 2;
1422 2395 1453 2434 9,
1468 2394 1566 2433 9,19.

892 2456 935 2460 -
961 2438 1055 2470 Nach
1079 2439 1139 2471 der
1164 2449 1291 2480 ganzen
1318 2440 1565 2480 Vei-handlung,

892 2494 988 2517 wenn
1006 2485 1056 2516 sie
1070 2485 1192 2518 auders
1213 2490 1297 2517 statt
1316 2484 1480 2526 gefunden
1500 2486 1566 2525 hat,

891 2529 937 2562 ist
971 2531 1044 2562 dein
1074 2530 1273 2563 Volumnius
1304 2531 1357 2562 eiu
1386 2530 1566 2562 Schreiben

891 2577 1138 2619 zugekommeu,
1154 2587 1217 2608 nur
1230 2586 1300 2608 war
1315 2576 1484 2616 ungewiss
1500 2587 1564 2609 von

1599 255 1618 287 2

1599 425 1619 456 3

1600 541 1620 571 4

1602 660 1620 690 5

1601 1118 1619 1149 8

1601 1353 1619 1384 9

1603 1469 1643 1501 10

1603 1525 1640 1556 11
