1763 2983
95 160 125 179 ..
144 150 194 178 61..
214 151 273 178 217.
581 151 705 184 11111111
729 150 839 185 xxn.
870 150 960 184 cAr.
989 152 1021 184 9.
1433 147 1515 191 171

96 255 337 296 Hadrianum
368 266 516 306 agrum,
537 255 685 294 Marsos
705 254 796 293 inde
816 255 1137 305 Marrucinosque
1166 259 1203 292 et
1220 253 1422 304 Paelignos
1446 251 1516 290 de—

98 318 219 352 vastat
241 312 418 362 circaque
439 311 565 362 Arpos
587 316 624 350 et
652 310 855 350 Luceriam
877 311 1097 362 proximam
1120 310 1279 361 Apuliae
1301 309 1516 361 regionem.

97 369 165 409 Cn.
191 368 374 408 Servilius
399 367 536 406 consul
554 366 704 406 levibus
727 368 883 418 proeliis
905 380 995 407 cum
1012 367 1125 407 Gallis
1149 367 1257 406 factis
1281 371 1317 405 et
1337 378 1417 404 uno
1441 377 1514 417 op-
1534 371 1557 403 6

97 426 188 477 pido
211 424 370 477 ignobili
386 429 603 475 expugnato
625 429 833 475 postquam
854 424 900 463 de
924 424 1104 475 conlegae
1117 424 1386 473 exercitusque
1399 422 1515 460 caede

98 482 256 529 audivit,
278 482 354 520 iam
375 480 583 520 moenibus
605 481 749 532 patriae
771 487 960 528 metuens,
987 493 1036 519 ne
1063 480 1213 519 abesset
1233 480 1273 518 in
1294 479 1517 518 discrimine

101 544 287 585 extremo,
307 537 353 576 ad
375 537 513 576 urbem
533 537 605 576 iter
623 537 799 576 intendit.

211 595 255 642 Q.
285 594 428 633 Fabius
458 594 648 632 Maximus
688 593 849 633 dictator
880 594 1020 633 iterum
1054 605 1132 644 quo
1163 593 1223 632 die
1253 592 1518 644 magistratum
1538 607 1558 638 τ

97 651 183 691 iniit
211 657 346 690 vocato
377 656 524 698 senatu,
563 650 609 689 ab
641 650 712 689 diis
744 663 870 698 orsus,
910 663 999 689 cum
1027 650 1245 689 edocuisset
1274 654 1400 700 patres
1431 649 1518 700 plus

96 708 332 759 neclegentia
363 707 686 746 caerimoniarum
714 707 1054 760 auspiciorumque
1078 712 1210 760 'quam
1229 706 1440 745 temeritate
1460 710 1517 744 at-

98 777 174 816 que
201 764 350 803 inscitia
380 769 581 814 peccatum
611 776 631 802 a
653 763 692 803 C.
712 764 902 802 Flaminio
926 763 1087 802 consule
1112 775 1207 810 esse,
1239 774 1415 813 quaeque
1435 761 1518 812 pia-

98 821 183 860 cula
211 822 290 860 irae
318 821 434 859 deum
455 826 584 859 essent
602 820 709 871 ipsos
731 820 824 859 deos
851 820 1114 859 consulendos
1137 832 1231 866 esse,
1262 818 1434 870 pervicit,
1465 824 1519 865 ut,
1539 831 1560 864 8

98 878 204 928 quod
226 889 307 916 non
327 879 448 916 ferme
470 877 703 925 decernitur,
725 877 797 916 nisi
821 889 911 916 cum
932 882 1026 916 tetra
1047 876 1220 927 prodigia
1232 875 1404 914 nuntiata
1416 880 1518 922 sunt,

98 934 306 973 decemviri
333 933 453 972 libros
475 933 684 985 Sibyllinos
706 933 811 972 adire
832 933 1073 972 iuberentur.
1125 933 1191 983 qui
1213 932 1396 983 inspectis
1418 933 1516 970 fata-

95 990 198 1030 libus
237 990 345 1029 libris
371 991 604 1029 rettulerunt
633 990 828 1041 patribus,
870 990 976 1041 quod
1008 990 1089 1029 eius
1120 989 1208 1028 belli
1240 1001 1353 1028 causa
1384 993 1518 1027 votum
1539 1003 1559 1034 9

97 1047 207 1087 Marti
227 1049 339 1094 foret,
369 1047 407 1086 id
431 1059 511 1085 non
534 1047 605 1086 rite
628 1048 773 1086 factum
797 1047 843 1085 de
865 1047 1015 1098 integro
1038 1052 1152 1097 atque
1178 1046 1343 1097 amplius
1367 1045 1519 1084 faciun-

98 1104 194 1143 dum
226 1116 330 1150 esse,
361 1110 397 1142 et
427 1104 509 1143 Iovi
539 1104 653 1143 ludos
684 1116 846 1155 magnos
878 1109 915 1142 et
944 1103 1057 1142 aedes
1088 1102 1228 1141 Veneri
1257 1102 1448 1141 Erucinae
1478 1113 1585 1149 ac10

97 1161 215 1200 Menti
247 1160 442 1199 vovendas
463 1173 559 1208 esse,
589 1165 626 1199 et
647 1160 970 1212 supplicationem
991 1159 1348 1210 lectisterniumque
1371 1158 1519 1197 haben-

96 1317 156 1340 ner
178 1307 383 1349 grenzeuden
405 1306 544 1347 Marser,
575 1317 600 1339 s.
630 1308 684 1347 26,
722 1307 773 1347 11,

101 1355 159 1394 11,
195 1353 347 1385 erw'ahnt
371 1362 407 1384 er
433 1352 532 1384 nicht.
564 1370 609 1375 —-
637 1354 776 1385 devastat

96 1398 228 1431 bezieht
254 1398 326 1430 sich
352 1397 562 1430 ehensowohl
588 1396 647 1429 auf
661 1409 774 1440 aqrum

97 1445 148 1476 als
167 1443 226 1476 auf
241 1444 292 1476 (116
312 1443 437 1476 Ν3111611
455 1443 514 1475 (161·
534 1443 562 1476 V
566 1443 669 1484 iilker,
691 1443 775 1475 wel-

100 1491 161 1522 che
178 1490 230 1522 die
248 1489 498 1521 Liindernamen
516 1493 699 1529 vertreten,
720 1490 774 1529 21,

98 1538 130 1576 5,
157 1537 194 1576 53
220 1537 274 1575 24,
302 1537 355 1576 20,
383 1537 422 1568 4:
453 1537 618 1568 Caudinus
648 1536 777 1567 Samnis

97 1599 142 1604 -—
161 1583 337 1614 devastatus
362 1592 392 1612 u.
415 1591 456 1621 a.,
477 1581 542 1622 vgl.
569 1591 596 1613 c.
626 1582 657 1621 6,
680 1582 710 1614 3.
728 1598 773 1603 --

97 1628 219 1669 Arpos,
251 1628 282 1665 9,
315 1628 366 1666 13,
395 1628 433 1667 63
457 1628 637 1666 Luceriam,
666 1627 697 1667 9,
719 1627 773 1666 26,

101 1674 138 1712 3;
177 1671 246 1703 Pol.
271 1682 298 1703 6.
327 1673 379 1712 88,
407 1674 437 1705 4.
464 1689 507 1694 --
533 1683 602 1703 cum
627 1673 721 1711 Gall„
748 1682 772 1704 s.

100 1717 180 1748 Zon.
217 1720 255 1757 8,
297 1718 358 1757 25;
396 1716 467 1751 Pol.
506 1718 660 1748 erwiihnt
688 1717 777 1748 (11656

101 1761 264 1794 Gefechte
303 1762 410 1803 nicht,
452 1762 683 1804 ebensowenig
722 1762 774 1794 die

100 1807 279 1849 Prodigien
296 1806 316 1848 ξ
334 1808 395 1842 eff.
422 1808 488 1839 Der
501 1818 527 1840 c.
552 1810 581 1849 8,
612 1810 640 1848 1,
658 1808 724 1849 vgl.
748 1818 774 1840 6.

101 1855 132 1894 3,
149 1855 181 1893 8,
202 1854 418 1895 angedeutete
427 1853 499 1895 Zug
515 1855 599 1885 nach
607 1853 777 1886 Arretium

100 1909 141 1930 zu
170 1898 215 1931 ist
239 1899 330 1930 nicht
356 1898 474 1931 weiter
498 1899 656 1940 beriihrt3
692 1900 777 1931 113611

102 1955 129 1977 6.
154 1946 204 1986 11,
233 1947 251 1978 5
269 1943 416 1985 verfolgt
435 1944 556 1977 Servil.
577 1945 629 1977 die
651 1945 777 1977 wieder

102 1988 186 2022 freie
211 1990 268 2022 via
295 1989 466 2022 Flaminia.
507 2007 551 2014 —-
579 1992 693 2032 sactis,
722 1992 775 2031 34,

108 2037 160 2075 19,
195 2036 214 2067 2
241 2047 271 2068 11.
298 2046 339 2076 3.,
371 2036 435 2067 wie
460 2038 572 2069 bellum
584 2038 697 2078 facere
722 2038 775 2076 30,

151 2127 249 2159 7—8.
290 2128 441 2166 dictator,
487 2137 511 2159 s,
554 2137 580 2159 c.
613 2129 650 2167 S,
678 2129 707 2160 5.
731 2145 776 2150 ——

103 2173 227 2212 itermn,
247 2169 286 2203 R.
314 2173 366 2211 52,
394 2171 461 2212 vgl.
489 2170 566 2203 fasti
583 2171 677 2214 Cap.3
701 2172 776 2205 val.

104 2216 193 2248 Max.
221 2218 248 2257 1,
278 2218 307 2256 1,
339 2219 368 2250 5.
390 2234 435 2240 ——
453 2218 490 2249 ab
521 2220 551 2250 d.
576 2229 616 2257 o.,
643 2217 729 2250 Plut.
748 2228 774 2250 6.

104 2265 142 2296 4:
171 2263 366 2305 καλλίστην
391 2259 598 2308 ἀρχόμενος
622 2260 660 2295 ἐκ
678 2265 778 2297 θεῶν

104 2304 406 2395 ῗῆχῗὲῗιξὲἇεῖῗζὲ
426 2307 779 2386 (ὲίἱνίζὸῗέζῗξξω

739 2365 778 2386 zu

103 2398 351 2432 behandelnden
369 2398 600 2441 Gegenstande
625 2399 678 2431 hei
698 2399 777 2432 Gel-

104 2443 168 2476 lius
196 2446 247 2486 14,
275 2448 305 2486 7,
334 2447 371 2478 9:
396 2448 432 2478 de
448 2448 540 2478 rebus
560 2447 676 2477 divinis
683 2448 781 2484 prius

105 2500 199 2531 quam
229 2493 266 2523 de
304 2493 454 2524 humanis
484 2494 528 2524 ad
556 2498 696 2524 senatum
731 2503 780 2523 re-

98 2535 273 2576 ferendum
290 2547 362 2577 esse,
381 2548 406 2569 s.
424 2548 450 2569 c.
470 2539 522 2576 11,
552 2539 578 2570 1.
597 2555 639 2559 —
657 2539 780 2570 caerz'm.

104 2592 205 2623 ausp„
231 2583 284 2622 21,
311 2584 364 2616 63.
398 2601 443 2606 -
476 2585 603 2617 inscitia
626 2582 699 2614 hier
724 2582 782 2614 der

845 1305 978 1347 Mangel
1016 1305 1073 1337 der
1104 1305 1210 1337 einem
1243 1303 1426 1337 Feldherrn
1462 1305 1522 1335 1ιὸ-

844 1351 959 1392 thigen
990 1349 1193 1392 Erfahrung,
1229 1353 1267 1391 7,
1304 1351 1364 1391 34,
1403 1351 1452 1383 13.
1477 1366 1523 1372 -

846 1399 929 1440 deos,
954 1407 981 1428 c.
1011 1398 1038 1436 1,
1063 1398 1113 1430 16.
1139 1414 1182 1419 --
1206 1403 1286 1429 tetra
1311 1400 1387 1436 etc„
1416 1395 1523 1428 dieses

844 1453 917 1474 war
957 1442 1079 1483 Regel,
1124 1442 1164 1473 da
1204 1440 1257 1474 fur
1293 1441 1524 1483 gewb'hnliche

844 1487 996 1531 prodigia
1023 1488 1075 1520 die
1100 1487 1257 1529 Siihnung
1284 1487 1318 1518 in
1344 1487 1405 1519 den
1434 1486 1522 1518 Pon-

844 1534 1093 1566 tificalbiichern
1119 1533 1190 1565 sich
1217 1532 1295 1565 saud
1321 1533 1400 1564 oder
1419 1532 1521 1564 durch

846 1579 1038 1621 haruspices
1080 1578 1272 1620 angegeben
1321 1578 1444 1610 wurde.
1478 1596 1522 1602 —

833 1626 995 1666 fatalibus
1028 1627 1098 1664 lib„
1133 1624 1206 1656 hier
1243 1624 1294 1656 die
1318 1623 1430 1667 sibyll.
1457 1624 1525 1656 Bii-

844 1672 1037 1712 cher,s.c.
1066 1672 1124 1710 10,
1163 1672 1220 1711 1ος
1247 1672 1308 1711 57,
1335 1672 1373 1711 63
1399 1671 1463 1711 42,
1490 1671 1523 1712 2,

845 1718 877 1758 3,
904 1727 943 1748 zu
970 1718 1000 1757 5,
1029 1718 1080 1756 14,
1107 1718 1138 1749 4.

891 1763 977 1795 9—1
989 1765 1014 1795 1.
1040 1768 1145 1794 votam
1158 1763 1217 1802 M,
1244 1760 1524 1793 wahrscheinlich

844 1817 917 1839 war
953 1818 986 1839 es
1011 1811 1111 1839 unter
1136 1807 1197 1838 den
1224 1808 1285 1846 21,
1311 1808 1374 1849 62,
1403 1808 1442 1841 10
1468 1816 1522 1839 61·-

845 1854 1013 1885 w'ahuten.
1032 1870 1077 1875 —
1095 1855 1184 1884 ludos
1202 1864 1254 1893 m.,
1274 1854 1329 1893 27,
1352 1853 1404 1893 33,
1427 1853 1456 1885 8.
1481 1871 1520 1875 -

846 1901 1018 1941 Erucinae,
1048 1898 1120 1931 eine
1146 1899 1253 1930 'altere
1279 1898 1363 1930 auch
1389 1896 1448 1929 auf
1467 1897 1524 1929 In-

845 1943 1006 1976 schristen
1042 1944 1113 1976 sich
1148 1944 1297 1976 findende
1329 1943 1526 1976 Schreibart

845 1994 928 2022 statt
954 1992 1134 2031 Erycinae;
1159 1989 1206 2022 sie
1231 2000 1304 2021 war
1328 1989 1399 2021 eine
1425 1999 1524 2032 assy-

846 2035 1161 2077 risch-griechische
1191 2034 1316 2075 Gottin,
1343 2035 1427 2067 nach
1453 2035 1524 2067 dem

846 2082 951 2123 Berge
967 2080 1062 2124 Eryx
1083 2081 1116 2113 in
1134 2081 1269 2113 Sicilien
1288 2085 1442 2122 genannt,
1470 2091 1524 2112 wo

846 2128 893 2159 sie
922 2127 1014 2159 einen
1040 2127 1236 2170 priichtigen
1260 2126 1394 2169 Tempel
1417 2127 1522 2167 hatte,

848 2174 962 2205 dessen
992 2172 1174 2214 Griindung
1201 2172 1261 2204 mit
1278 2173 1336 2204 der
1352 2171 1436 2213 Sage
1458 2183 1524 2204 von

845 2219 975 2252 Aeneas
992 2218 1025 2249 in
1038 2218 1068 2250 V
1072 2218 1255 2260 erbindung
1272 2222 1400 2259 gesetzt
1419 2218 1474 2257 ist,
1496 2228 1524 2249 s.

850 2267 878 2305 1,
913 2266 941 2304 1,
967 2266 1004 2305 43
1035 2264 1135 2306 Verg.
1154 2264 1236 2296 Aen.
1254 2266 1283 2304 5,
1312 2262 1407 2297 759f.
1441 2263 1526 2294 Des-

845 2310 924 2342 halb
942 2309 1028 2341 wird
1048 2310 1095 2342 sie
1115 2310 1148 2341 in
1167 2311 1226 2342 (1611
1244 2309 1357 2351 sibyll.
1375 2309 1525 2340 Biichern

846 2356 1000 2388 erwiihnt
1050 2356 1116 2387 und
1172 2356 1224 2387 ihr
1272 2354 1387 2385 Cultus
1440 2354 1524 2385 nach

847 2401 927 2433 Rom
963 2404 1166 2444 verpssanzt,
1201 2411 1252 2431 11·ο
1278 2410 1352 2431 111311
1382 2399 1430 2431 516
1456 2399 1525 2431 wol

846 2447 905 2478 mit
935 2447 993 2478 der
1027 2447 1224 2478 latinischeu
1252 2445 1382 2485 Venus,
1416 2456 1441 2477 s.
1471 2447 1522 2486 10,

849 2494 902 2533 31,
927 2494 959 2531 9,
985 2492 1093 2533 gleich
1117 2492 1241 2531 stellte,
1267 2490 1334 2531 vgl.
1363 2492 1391 2531 1,
1419 2491 1472 2528 33,
1493 2492 1522 2523 5.

848 2556 891 2560 ——
916 2539 1029 2579 Menti,
1058 2537 1117 2569 Ov.
1142 2537 1233 2568 Fast.
1259 2538 1290 2576 6,
1323 2538 1404 2569 241:
1430 2538 1524 2568 Mem

848 2594 973 2626 quoque
999 2594 1114 2617 numen
1138 2585 1234 2616 habet.
1272 2584 1379 2615 Menti
1395 2583 1524 2616 delubra
