1763 2983
740 182 865 215 LIBER
892 181 958 216 VII.
1534 192 1557 211 a.
1578 192 1604 209 u.
1624 183 1674 212 411

274 186 349 225 152
1001 182 1092 246 CnP.
1119 182 1172 216 30.

220 296 235 326 7
268 287 411 338 Aequis
430 286 665 337 Volscisque,
688 285 859 324 aeternis
877 285 1055 325 hostibus
1076 284 1193 325 huius
1212 286 1332 333 urbis,
1355 285 1683 338 quandocumque

267 359 307 382 se
332 343 536 389 moverint,
560 343 606 381 ab
624 348 735 393 tergo
754 342 912 389 erimus,
937 348 975 382 et
992 342 1097 395 quod
1116 356 1183 382 vos
1201 355 1270 395 pro
1288 343 1410 382 salute
1428 346 1561 381 nostra
1578 342 1684 394 prio-

266 414 329 440 res
351 400 530 446 feceritis,
563 400 601 438 id
635 412 706 438 nos
739 412 807 451 p-ro
830 399 994 451 imperio
1020 405 1148 439 vestro
1180 406 1219 438 et
1239 399 1359 450 gloria
1390 411 1547 450 semper
1568 399 1686 439 facie-

219 466 237 496 s
270 471 368 497 mus.
410 456 580 496 subactis
604 457 662 495 his
683 456 877 508 gentibus,
910 470 1008 508 quae
1036 457 1140 495 inter
1168 470 1240 495 nos
1271 469 1417 508 vosque
1439 461 1545 504 sunt,
1581 457 1684 508 quod

266 527 387 566 prope
410 514 511 553 diem
534 514 710 553 futurum
733 514 898 565 spondet
921 519 959 552 et
982 514 1102 552 virtus
1133 519 1170 552 ct
1201 514 1359 552 fortuna
1385 518 1523 558 vestra,
1556 513 1686 552 conti-

219 578 237 605 τ)
269 583 364 611 nens
393 571 601 623 imperium
633 583 756 622 usque
787 571 833 610 ad
865 582 936 609 nos
968 569 1168 609 habebitis.
1217 570 1400 609 acerbum
1430 583 1474 609 ac
1495 569 1683 609 miserum

269 634 339 674 est,
364 629 469 680 quod
490 628 600 667 fateri
622 640 694 666 nos
716 630 870 666 fortuna
894 632 1028 666 nostra
1050 626 1172 677 cogit:
1204 639 1248 665 eo
1272 632 1432 667 ventum
1455 632 1525 673 est,
1554 631 1684 677 patres
1736 630 1738 632 ’

204 694 239 725 lo
269 685 491 736 conscripti,
516 690 559 724 ut
579 690 646 724 aut
666 685 882 724 amicorum
905 689 972 723 aut
994 682 1244 722 inimicorum
1268 684 1455 736 Campani
1476 683 1611 722 simus.
1654 684 1687 723 si

265 742 487 788 defenditis,
512 742 641 788 vestri,
664 742 695 780 si
718 741 908 787 deseritis,
933 740 1172 779 Samnitium
1196 740 1367 788 erimus,
1400 742 1572 792 Capuam
1593 753 1686 792 ergo

267 805 306 838 et
323 799 570 850 Campaniam
590 811 747 837 omnem
765 798 902 837 vestris
921 810 969 836 an
990 797 1224 837 Samnitium
1242 798 1389 837 viribus
1407 798 1590 837 accedere
1603 810 1687 838 ma-

200 861 234 893 ll
269 857 357 902 litis,
382 856 605 896 deliberate.
646 855 827 894 omnibus
851 855 1022 906 quidem,
1053 854 1233 901 Romani,
1269 860 1439 894 vestram
1461 854 1686 894 misericor-

269 914 370 953 diam
388 918 637 963 vestrumque
660 912 845 952 auxilium
864 924 1031 963 aequum
1054 916 1113 950 est
1129 917 1273 963 patere,
1296 911 1340 951 iis
1357 917 1490 951 tamen
1507 911 1687 960 maxime,

266 970 331 1022 qui
354 971 469 1009 fidem
492 969 779 1021 inplorantibus
801 969 882 1008 aliis
900 968 1086 1008 auxilium
1106 969 1199 1008 dum
1217 981 1334 1020 supra
1352 968 1449 1008 vires
1465 981 1555 1008 suas
1573 981 1687 1020 prae-

204 1031 242 1064 12
270 1032 386 1074 stant,
406 1034 490 1066 ame
507 1038 645 1065 omnes
664 1027 737 1078 ipsi
753 1027 792 1065 in
810 1026 908 1065 hanc
925 1025 1201 1065 necessitatem
1219 1031 1421 1065 venerunt.
1449 1038 1688 1078 quamquam

268 1084 530 1136 pugnavimus
552 1083 670 1123 verbo
700 1096 769 1135 pro
793 1083 988 1129 Sidicinis,
1020 1095 1062 1121 re
1084 1095 1154 1133 pro
1184 1083 1311 1130 nobis,
1346 1096 1435 1123 cum
1467 1082 1687 1122 videremus

269 1142 480 1180 finitimum
512 1141 700 1192 populum
732 1140 879 1179 nefario
910 1139 1111 1179 latrocinio
1131 1140 1367 1179 Samnitium
1398 1139 1494 1192 peti,
1526 1145 1585 1187 et,
1622 1140 1688 1180 ubi

269 1200 572 1250 conflagrassent
589 1198 763 1244 Sidicini,
788 1198 835 1237 ad
857 1209 929 1235 nos
950 1196 1204 1236 traiecturum
1227 1197 1318 1236 illud
1343 1196 1568 1237 incendium
1590 1209 1687 1238 esse.

200 1271 238 1302 13
268 1268 339 1296 nec
361 1256 462 1294 enim
495 1267 614 1302 nunc,
648 1255 737 1306 quia
769 1255 904 1294 dolent
934 1254 1117 1293 iniuriam
1150 1260 1346 1306 acceptam
1379 1253 1590 1302 Samnites,
1622 1257 1689 1296 sed

259 1313 357 1364 'quia
377 1313 546 1364 gaudent
560 1311 729 1350 oblatam
746 1312 819 1350 sibi
838 1325 924 1350 esse
943 1324 1113 1357 causam,
1138 1317 1404 1363 oppugnatum
1422 1324 1495 1350 nos
1515 1311 1686 1352 veniunt.

202 1378 239 1412 14
269 1382 330 1417 an,
364 1371 395 1409 si
420 1369 510 1409 ultio
533 1369 610 1409 irae
632 1370 728 1409 llaec
751 1374 789 1407 ct
811 1380 891 1408 non
915 1368 1063 1409 occasio
1087 1368 1307 1421 cupiditatis
1339 1369 1551 1421 explendae
1573 1376 1686 1419 esset,

315 1513 345 1542 7.
386 1510 523 1552 Aequis,
544 1510 577 1541 in
598 1509 709 1550 Bezug
726 1508 785 1542 auf
800 1510 853 1542 die
870 1509 940 1542 fvii-

1018 1521 1083 1542 von
1100 1510 1580 1554 tnplorantibus-praestant:
1598 1509 1690 1544 nieht

268 1560 370 1590 heren
390 1553 524 1596 Kriege,
544 1556 575 1597 6,
590 1556 621 1595 4,
637 1555 672 1595 S,
693 1556 769 1587 dass
788 1557 872 1588 auch
890 1557 940 1587 la·-

1013 1556 1119 1588 allein
1150 1566 1203 1587 uin
1220 1556 1377 1589 Anderen
1395 1567 1436 1587 zu
1461 1554 1583 1596 helsen,
1612 1566 1688 1589 son-

266 1602 411 1636 tinischc
442 1601 557 1633 Stiidte
592 1601 802 1633 ‹lazwisehen
842 1603 939 1643 lagen

267 1650 312 1681 ist
340 1658 401 1680 von
422 1647 458 1679 L.
479 1647 703 1688 iibergangen,
730 1647 806 1680 weil
825 1659 862 1681 er
887 1648 937 1680 sie

267 1696 320 1728 fiir
339 1694 420 1727 Rom
438 1693 666 1726 untcrwoi·l'e11
685 1693 772 1729 halt:
788 1694 853 1726 «lie
870 1694 937 1725 Au-

268 1742 391 1776 runker
416 1740 479 1771 und
507 1739 685 1780 Sidiciner,
711 1751 735 1771 s.
766 1751 792 1771 e.
820 1740 873 1781 32,
903 1742 935 1781 2»,

268 1788 341 1821 sind
361 1787 452 1818 nicht
470 1786 651 1817 besonders
677 1785 839 1827 erwiihut,
863 1797 889 1818 s.
911 1798 927 1818 c-

270 1835 324 1874 28,
347 1833 372 1865 l.

314 1877 437 1910 ‹l—lo.
466 1876 524 1909 Um
539 1876 590 1907 die
605 1877 837 1917 angegebenen
857 1878 941 1910 Vor-

269 1924 369 1956 theile
385 1934 426 1954 zu
436 1923 608 1963 erhmgen,
618 1922 783 1954 iniisstihr
793 1923 940 1963 sogleich

271 1970 381 2021 Capua
411 1969 582 2007 schiitzeu,
620 1968 660 1999 da
691 1978 724 1999 es
756 1973 850 2001 sonst
879 1969 940 2000 den

270 2015 456 2048 Samnitern
486 2013 616 2045 anheim
644 2012 731 2045 lallt.
769 2014 829 2046 Die
858 2013 937 2055 folg

270 2060 486 2099 Ausfiihiung
503 2059 619 2091 deutet
637 2059 701 2090 wic
727 2058 783 2100 ξ
767 2060 783 2081 “)
804 2061 943 2091 οὓ)ῑο.’τιί

270 2107 369 2139 sehon
397 2104 455 2136 aul
469 2105 522 2136 die
548 2104 671 2136 deditio
698 2116 725 2136 c.
746 2105 783 2136 31
805 2106 872 2137 hin.
897 2124 941 2128 -——

269 2151 451 2194 defenditis
469 2168 512 2173 —
528 2152 667 2190 erimus,
691 2150 758 2191 vgl.
778 2151 808 2190 fi,
828 2151 881 2191 41,
901 2152 938 2190 ὃς

269 2209 308 2229 an
328 2208 358 2228 u.
384 2198 431 2229 St.
459 2196 586 2227 scheInt
612 2196 669 2227 das
688 2196 852 2228 Praesens
879 2197 940 2228 mit

272 2242 466 2274 Nachdruck
478 2241 675 2282 gebrauvht:
690 2252 784 2272 wenn
796 2242 940 2283 ihrjetzt

272 2289 363 2319 nicht
382 2299 410 2318 n.
430 2298 455 2318 s'.
476 2298 529 2327 w.,
548 2298 573 2318 s.
593 2288 614 2329 ξ
630 2290 681 2320 21.

319 2334 458 2366 11—12.
493 2333 553 2364 Die
573 2333 660 2373 Lago
679 2334 739 2365 der
757 2333 939 2375 (Jampaner

270 2380 378 2411 maeht
404 2379 453 2410 sie
481 2380 540 2410 der
559 2378 824 2420 Unterstiitzung
851 2380 938 2411 wilr-

269 2425 333 2465 dig.
353 2443 396 2447 —
409 2424 517 2465 fidem
526 2428 643 2455 ——mztoe
662 2436 775 2456 onmes
788 2426 861 2456 sind
881 2437 939 2456 un-

270 2471 389 2510 sicher,
420 2470 471 2501 die
498 2470 592 2501 Hdss,
621 2471 726 2502 haben
754 2473 936 2513 unpassend

269 2526 344 2548 eam
361 2517 425 2547 und
444 2526 506 2547 nur
523 2526 657 2555 (urmes,
678 2516 815 2557 Madvig
834 2527 936 2549 verm.

269 2573 309 2593 ea
335 2561 398 2592 und
426 2561 502 2602 tilgt
527 2562 697 2593 aux-[litun
722 2563 787 2593 und
812 2572 936 2594 omnes:

270 2626 312 2629 —
347 2617 546 2649 quamquam
581 2612 642 2640 ete.
676 2607 935 2648 Beschriinkung

1013 1602 1094 1633 dcrn
1112 1612 1164 1633 um
1179 1602 1249 1633 sich
1268 1602 1375 1634 sclbst
1388 1613 1429 1633 zu
1447 1601 1606 1634 schiitzen
1624 1603 1682 1635 ha-

1013 1647 1074 1681 ben
1094 1648 1141 1679 sie
1160 1646 1265 1687 Ιίνιιις
1282 1646 1435 1688 gcfiihi·t;
1453 1648 1493 1680 da
1519 1648 1572 1680 die
1592 1649 1684 1681 Sam-

1013 1694 1102 1726 niten
1121 1704 1182 1726 nur
1205 1694 1258 1726 die
1279 1692 1536 1735 [ilnterwcrfung
1555 1694 1682 1738 Capuas

1013 1740 1277 1780 heabsichtigen.
1303 1759 1348 1764 -—
1372 1740 1556 1781 latrocinio,
1582 1752 1608 1772 c.
1628 1742 1683 1783 28,

1014 1788 1049 1827 3·
1076 1786 1224 1818 dadurch
1250 1787 1326 1818 dass
1354 1787 1412 1818 das
1430 1786 1581 1826 logische
1599 1786 1684 1818 Sub-

1009 1833 1082 1874 ject
1100 1832 1132 1863 in
1151 1832 1208 1863 das
1225 1830 1387 1864 Genitivv
1392 1831 1576 1864 erh‘altuiss
1594 1833 1681 1870 tritt,

1013 1888 1075 1910 wn
1079 1878 1097 1908 d
1116 1877 1291 1909 latrocinio
1305 1878 1465 1929 gebo-beu,
1484 1877 1548 1909 wie
1565 1876 1613 1910 oft
1630 1878 1684 1911 bei

1015 1923 1049 1956 L.
1068 1942 1110 1946 ——-
1129 1934 1267 1955 amasam
1285 1934 1347 1956 nur
1365 1923 1461 1955 einen
1480 1923 1660 1957 V01w.and

1062 1969 1202 2001 14—16.
1240 1980 1284 2000 (m
1314 1971 1346 2000 si
1369 1973 1445 2010 ete„
1476 1969 1682 2002 rhetorische

1013 2015 1248 2056 Begriindung:
1278 2025 1358 2046 nam
1386 2025 1449 2046 nou
1472 2017 1684 2057 paramsm't

1012 2062 1146 2092 :satis
1171 2071 1241 2093 esse
1254 2062 1369 2104 potuit,
1397 2062 1541 2104 oportuit
1567 2061 1682 2102 (daher

1012 2107 1108 2149 fuit),
1134 2107 1202 2147 vgl.
1228 2107 1258 2146 6,
1277 2106 1329 2148 40,
1351 2106 1410 2145 18ς
1438 2106 1492 2146 27,
1515 2108 1563 2146 10,
1584 2107 1624 2145 53
1651 2107 1684 2150 40

1014 2153 1045 2193 2,
1064 2153 1101 2194 7,
1121 2150 1180 2183 auf
1195 2153 1322 2184 welche
1339 2151 1359 2193 ξ
1377 2152 1427 2194 16,
1448 2152 1605 2185 nachdem
1623 2153 1682 2185 der
1730 2184 1733 2188 ,

1013 2197 1171 2230 Gedanke
1200 2200 1232 2229 sl
1254 2198 1333 2230 ultio
1358 2199 1428 2230 irae
1450 2200 1533 2229 esset
1562 2202 1626 2230 etc.
1651 2198 1683 2230 in

1012 2254 1095 2285 qnae
1124 2246 1175 2275 esc
1203 2262 1246 2267 —
1274 2243 1404 2286 coepleri
1429 2244 1537 2286 potuit
1565 2243 1683 2276 weiter

1012 2288 1206 2330 ausgel'iilirt
1224 2290 1281 2331 ist,
1305 2289 1365 2321 sed
1380 2288 1540 2332 cupiditas
1557 2293 1619 2321 etc.
1638 2305 1683 2317 ===

1010 2336 1140 2378 amplam?
1154 2338 1265 2367 uectem
1285 2347 1349 2367 mm
1370 2336 1486 2377 politic,
1513 2334 1600 2376 quod
1615 2345 1681 2367 non

1011 2384 1063 2413 ι’νιι
1087 2381 1147 2412 secl
1161 2381 1330 2424 capz'de‘tas
1362 2383 1429 2421 est,
1464 2380 1681 2421 zuriickgeht.

1014 2427 1198 2467 Uebrigeus
1214 2427 1297 2468 liegt
1311 2427 1385 2458 eine
1395 2426 1472 2458 sehr
1489 2425 1585 2458 naive
1599 2425 1681 2458 Auf-

1011 2473 1149 2514 l'assung
1166 2472 1468 2506 deerrhiiltnisse
1482 2482 1523 2502 zu
1534 2470 1679 2512 Grunde,

1012 2530 1106 2551 wenn
1125 2519 1216 2551 nicht
1230 2519 1432 2559 angedeutet
1447 2516 1583 2548 werden
1602 2518 1678 2558 soll,

1011 2566 1087 2597 dass
1105 2564 1160 2596 die
1174 2564 1344 2596 Samniten
1360 2563 1412 2594 die
1430 2562 1522 2594 bloss
1540 2562 1678 2604 beding-

1010 2615 1042 2641 te
1062 2609 1317 2650 Unterwerfung
1343 2608 1470 2651 Capuas
1496 2608 1680 2649 zuriickge-
