1763 2983
91 203 116 219 η.
138 193 189 220 ch.
210 194 372 225 3716176).
552 188 677 221 LIBER
703 188 757 221 Vl.
795 189 888 223 CAP.
915 191 968 223 32.
995 190 1048 222 33.
1451 192 1503 230 67

92 295 223 334 hostes
245 293 365 345 gradu
387 291 555 335 demoti:
584 296 621 330 et
644 296 687 330 ut
708 291 830 329 semel
851 292 1052 332 inclinavit
1076 305 1200 344 pugna
1223 294 1298 332 iam
1321 293 1505 332 intolera-

90 352 176 390 bilis
200 351 375 389 Romana
396 349 452 388 vis
474 353 568 388 erat.
608 348 685 386 fusi
706 348 840 386 hostes
863 361 951 387 cum
971 349 1177 396 Satricum,
1201 351 1305 401 quod
1327 351 1402 389 duo
1427 351 1502 388 mi—
1534 358 1552 387 9

90 409 138 447 lia
159 408 249 446 inde
271 407 413 452 aberat,
436 417 517 444 non
539 409 662 444 castra
680 409 870 456 peterent,
894 405 940 443 ab
959 405 1088 456 equite
1111 407 1277 446 maxime
1301 407 1418 452 caesi3
1440 420 1504 445 ca-

91 470 169 504 stra
197 468 306 515 capta
334 464 575 514 direptaque.
616 461 663 500 ab
687 461 834 500 Satrico
866 466 992 507 nocte,
1024 475 1119 512 quae
1149 464 1296 514 proelio
1328 463 1504 515 proxima
1539 469 1577 501 10

90 521 174 567 fuit,
197 523 309 572 fugae
327 519 446 560 simili
469 519 622 569 agmine
637 523 780 570 petunt
800 518 983 565 Antium,
1005 524 1042 557 et
1063 532 1151 557 cum
1170 521 1370 560 Romanus
1392 533 1504 559 exer—

91 579 188 618 citus
211 589 332 629 prope
353 576 524 627 vestigiis
545 580 786 627 sequeretur,
817 575 905 627 plus
926 580 1059 613 tamen
1080 577 1198 615 timor
1220 591 1336 628 quam
1364 578 1417 616 ira
1441 591 1505 616 ce-

90 635 251 674 leritatis
274 634 420 673 habuit.
458 633 564 684 prius
587 633 716 683 itaque
739 632 893 671 moenia
908 632 1098 671 intravere
1121 633 1265 678 hostes,
1290 648 1406 685 quam
1425 635 1504 673 Ro-
1538 641 1573 671 11

92 703 231 731 manus
253 697 426 730 extrema
448 689 612 741 agminis
634 701 793 741 carpere
815 695 881 727 aut
903 689 1044 728 morari
1066 696 1208 740 posset.
1252 691 1339 729 inde
1362 691 1507 741 aliquot

92 750 173 788 dies
195 748 382 788 vastando
404 759 494 798 agro
518 746 729 798 absumpti,
752 758 826 785 nec
847 746 1035 785 Romanis
1058 746 1365 786 satisinstructis
1388 760 1506 798 appa-

93 811 181 846 ratu
211 806 348 844 bellico
371 805 418 843 ad
440 803 597 843 moenia
618 803 875 854 adgredienda
898 815 972 842 nec
994 803 1067 842 illis
1090 804 1137 842 ad
1159 805 1409 843 subeundum
1432 818 1506 855 pu—

92 875 190 915 gnae
212 875 357 902 casum.

205 920 349 958 Seditio
370 923 456 958 tum
479 918 581 956 inter
601 916 775 956 Antiates
793 917 1032 969 Latinosque
1056 923 1200 965 coorta,
1224 931 1311 957 cum
1331 918 1503 957 Antiates
1533 915 1585 954 5323

93 977 180 1016 victi
201 976 312 1015 malis
331 975 557 1026 subactique
575 974 690 1019 bello,
713 974 753 1013 in
771 987 849 1026 quo
873 979 911 1013 et
926 975 1005 1013 nati
1022 981 1131 1014 erant
1148 981 1186 1013 et
1203 981 1508 1020 consenuerant,

94 1034 330 1073 deditionem
352 1037 586 1085 spectarent,
608 1032 765 1070 Latinos
787 1045 833 1070 ex
855 1031 1005 1071 diutina
1023 1044 1115 1083 pace
1138 1044 1236 1071 nova
1259 1033 1424 1071 defectio
1447 1045 1509 1071 re-
1541 1036 1559 1067 2

96 1090 273 1130 centibus
296 1091 423 1130 adhuc
444 1089 584 1128 animis
605 1089 818 1127 feroc-iores
846 1088 892 1127 ad
912 1090 1244 1140 perseverandum
1267 1091 1306 1128 in
1328 1089 1430 1128 bello
1452 1090 1511 1128 fa-

95 1153 213 1187 ceret.
254 1148 340 1186 finis
358 1145 581 1186 certaminis
602 1145 688 1190 fuit,
710 1151 917 1197 postquam
936 1146 1112 1197 utrisque
1134 1147 1312 1198 apparuit
1332 1147 1426 1185 nibil
1444 1159 1513 1198 per

95 1205 236 1244 alteros
260 1209 374 1248 stare,
397 1216 474 1255 quo
497 1203 626 1241 minus
649 1201 801 1253 incepta
822 1210 1167 1254 persequerentur.
1200 1204 1324 1242 Latini
1345 1204 1511 1255 profecti
1542 1208 1561 1238 3

96 1274 116 1300 a
138 1261 319 1301 societate
335 1260 450 1312 pacis,
474 1265 518 1298 ut
533 1259 731 1303 rebantur,
754 1259 983 1298 inhonestae
1001 1274 1084 1299 sese
1104 1260 1409 1305 vindicaverunt,
1433 1261 1512 1299 An—

97 1318 209 1357 tiates
227 1317 488 1356 incommodis
500 1315 656 1356 arbitris
675 1316 903 1355 salutarium
924 1318 1176 1358 consiliorum
1195 1318 1356 1356 remotis
1373 1318 1512 1356 urbem

97 1387 286 1426 agrosque
318 1373 505 1412 Romanis
537 1373 696 1411 dedunt.
739 1373 794 1411 ira
823 1378 860 1412 et
890 1372 1017 1413 rabies
1043 1374 1293 1421 Latinorum,
1325 1375 1413 1426 quia
1442 1387 1514 1413 nec
1543 1380 1563 1409 4

98 1431 295 1470 Romanos
316 1430 418 1470 bello
439 1430 591 1470 laedere
614 1442 688 1469 nec
710 1429 869 1469 Volscos
900 1430 939 1469 in
962 1431 1080 1471 armis
1102 1431 1272 1470 relinere
1294 1438 1514 1483 potuerant,

99 1614 153 1644 w.,
180 1615 206 1636 s.
231 1604 285 1645 21,
310 1604 364 1646 31,
388 1604 418 1644 2,
449 1605 519 1646 vgl.
539 1605 570 1645 3,
599 1605 650 1645 15,
674 1605 704 1636 2.
727 1623 771 1627 -

844 1606 896 1646 31,
922 1606 952 1638 4.
979 1624 1021 1628 —
1045 1606 1188 1645 diutina,
1212 1606 1280 1646 vgl.
1306 1617 1346 1637 zu
1372 1618 1400 1638 0.
1422 1607 1451 1647 7,
1482 1607 1515 1641 l:

95 1649 220 1692 gradu,
246 1651 275 1691 9,
292 1649 346 1690 29,
373 1651 425 1683 10:
456 1649 665 1682 demovendis
684 1652 771 1682 statu

845 1652 949 1683 durch
972 1662 1017 1683 ew
1043 1671 1083 1674 »-
1109 1651 1250 1693 desectio
1281 1652 1368 1683 wird
1395 1655 1513 1684 recent.

98 1705 170 1735 suo,
188 1697 270 1728 ohne
288 1696 346 1728 das
365 1701 460 1728 sonst
476 1695 708 1737 gewiihnliche
732 1695 771 1727 de

101 1741 182 1773 oder
199 1752 235 1781 a,
260 1752 300 1772 zu
321 1741 436 1783 gradu
464 1752 489 1774 s.
510 1742 540 1781 7,
560 1742 590 1781 S,
609 1742 643 1773 3:
669 1742 772 1783 (equi-

100 1787 159 1827 tes)
173 1786 290 1829 gradu
307 1789 480 1819 moverant
497 1787 629 1826 hostem,
656 1786 772 1818 deinde

98 1832 315 1875 pepulerunt3
340 1833 423 1875 Nep.
443 1834 474 1872 2,
499 1834 556 1865 51:
577 1833 692 1875 gradec
717 1832 774 1864 de-

98 1877 223 1921 pulsus.
250 1897 293 1901 --
322 1880 389 1909 ium
420 1878 464 1910 im
493 1878 682 1910 Nachsatzc
712 1889 773 1909 zur

100 1922 481 1965 AngabederZeitfolge
491 1924 773 1956 findetsichnicht

101 1968 162 2009 oft,
189 1979 216 2001 s.
241 1980 269 2001 c.
299 1970 350 2011 18,
376 1970 413 2007 33
439 1970 493 2010 31,
521 1971 547 2009 1,
568 1971 598 2001 5.
627 1988 671 1993 —
696 1969 770 2001 incl.

96 2024 216 2058 pugna
232 2014 299 2047 wie
320 2015 348 2056 1,
367 2015 422 2055 27,
443 2015 499 2047 ll:
509 2017 610 2058 suga
632 2015 772 2047 inelina-

98 2062 151 2100 vit,
171 2060 379 2101 gewiihnlich
392 2059 530 2092 inclinat
550 2062 651 2101 acies,
671 2061 701 2101 7,
718 2061 770 2101 33,

100 2106 137 2145 73
164 2108 194 2148 2,
213 2107 265 2145 20,
289 2107 340 2146 11,
363 2106 431 2146 vgl.
456 2117 483 2138 0.
511 2106 566 2148 24,
585 2107 615 2138 3.
640 2125 685 2130 —
708 2105 773 2137 duo

100 2161 146 2182 m.
165 2162 195 2183 n.
211 2162 387 2195 passuum,
406 2151 470 2183 wie
489 2151 549 2184 ost.
568 2171 609 2175 —-—
637 2163 699 2184 non
717 2162 774 2183 ca—

102 2199 176 2228 stra
193 2202 269 2237 etc„
293 2197 356 2228 wie
381 2198 457 2237 (1.8,
484 2198 514 2229 9.
543 2217 581 2221 -—
602 2199 772 2242 pron-ima,

102 2243 223 2274 anders
242 2242 292 2274 als
310 2253 336 2273 c.
356 2243 386 2281 Ξ),
409 2243 436 2274 1.
462 2261 505 2265 —
529 2254 674 2287 carpere,
695 2253 721 2274 s.
744 2244 774 2284 3,

103 2288 132 2327 5,
156 2289 182 2320 1.
200 2306 244 2311 -—
262 2297 374 2331 appar.
393 2287 474 2327 bell„
495 2289 559 2321 wie
578 2301 605 2321 c.
625 2291 655 2329 9,
674 2289 705 2320 2.

147 2328 216 2365 33·
261 2333 357 2365 1—3.
396 2333 524 2373 seditio,
544 2333 775 2375 Uneinigkeit,

103 2377 294 2419 Trennung.
320 2397 362 2401 -—
389 2380 557 2422 Antiates,
581 2380 706 2413 wieder
736 2391 776 2412 an

104 2424 164 2456 der
180 2425 292 2467 Spitze
311 2424 370 2456 der
387 2425 547 2457 Volsker.
572 2445 611 2448 —
638 2428 712 2458 nati
729 2437 775 2458 er.

104 2473 179 2512 etc„
197 2471 229 2501 in
240 2470 350 2511 Bezug
367 2470 657 2504 aufdieAntiaten
675 2472 775 2504 iiber-

104 2515 320 2556 treibend‚da
336 2516 396 2547 der
406 2514 513 2558 Krieg
528 2522 599 2549 erst
615 2517 776 2557 13Jahre,

103 2571 129 2592 S.
150 2571 177 2593 c.
196 2561 228 2600 2,
246 2561 386 2600 dauert,
409 2561 446 2593 L.
464 2563 522 2594 hat
539 2572 580 2594 au
598 2562 652 2594 die
671 2564 772 2595 Vols-

102 2604 163 2637 ker
180 2605 364 2647 iiberliaupt
382 2607 532 2648 gedacht.
550 2625 588 2631 —
611 2607 724 2648 dedit„
743 2609 773 2651 7,

846 1697 972 1729 uiribus
980 1697 1128 1729 erkliirt:
1139 1699 1179 1728 da
1189 1697 1259 1728 ihre
1269 1695 1388 1729 liriiste
1397 1716 1437 1720 -
1448 1708 1516 1729 wa—

846 1753 914 1782 ren,
927 1742 1008 1774 weil
1022 1743 1081 1774 der
1096 1743 1208 1774 Abl'all
1223 1747 1292 1774 erst
1307 1743 1439 1774 neulich
1454 1744 1516 1774 und

845 1798 937 1820 zwar
955 1789 1039 1820 nach
1053 1807 1095 1811 -—
1112 1788 1237 1829 erfolgt
1254 1799 1343 1827 war,
1363 1788 1444 1820 iiber
1458 1799 1516 1820 ηο-

846 1844 885 1865 υα
901 1853 942 1856 -
957 1837 1078 1866 receut.
1099 1845 1124 1866 s.
1143 1836 1197 1873 535,
1221 1835 1270 1872 10,
1290 1835 1318 1865 7.
1343 1853 1385 1857 —
1410 1834 1517 1866 adlini-

844 1881 902 1911 hat
930 1879 966 1911 L.
994 1879 1170 1912 bisweileu
1194 1890 1260 1911 von
1284 1881 1343 1912 der
1367 1881 1517 1921 Vergun-

845 1925 980 1967 genheit
1004 1925 1057 1956 bei
1078 1927 1150 1957 dein
1169 1924 1300 1967 imperf.
1319 1926 1384 1956 und
1410 1926 1517 1958 einem

846 1971 999 2003 dasselbe
1015 1972 1255 2003 verti-etendeu
1270 1971 1419 2014 Particip
1438 1973 1519 2003 oder

845 2016 1015 2059 Adjectiv,
1035 2028 1061 2048 s.
1077 2019 1107 2058 9,
1125 2018 1156 2057 6,
1178 2017 1235 2056 123
1265 2018 1385 2057 10,31,
1409 2018 1444 2050 1;
1466 2019 1518 2059 23,

847 2063 900 2103 33,
920 2064 956 2102 33
981 2062 1035 2103 24,
1054 2064 1108 2103 22,
1126 2063 1164 2100 83
1193 2063 1318 2102 27,13,
1340 2063 1356 2093 7
1376 2075 1395 2094 u
1426 2074 1455 2094 a.
1475 2081 1518 2085 —

845 2111 947 2150 stare,
970 2119 997 2149 q.
1013 2119 1070 2148 m.,
1095 2108 1147 2139 die
1165 2108 1269 2139 Eineu
1294 2108 1440 2140 klinnten
1465 2108 1518 2140 die

846 2153 1003 2186 Andereu
1029 2155 1117 2186 nicht
1144 2154 1285 2185 hindern
1316 2154 1389 2185 ihre
1416 2154 1518 2186 Pl'zine

848 2211 889 2231 zu
912 2199 1099 2242 verfolgeu,
1130 2200 1160 2241 2,
1186 2200 1239 2238 31,
1269 2200 1325 2236 11ς
1351 2201 1382 2240 9,
1415 2200 1466 2239 14,
1490 2202 1518 2232 l:

844 2255 905 2288 per
922 2248 1019 2277 utros
1036 2247 1190 2286 stetisset,
1210 2255 1271 2286 qno
1288 2247 1402 2277 mium·
1414 2246 1521 2277 armis

848 2290 1088 2324 discederetur.
1116 2310 1157 2312 —
1187 2291 1327 2329 alteros,
1357 2292 1385 2330 1,
1414 2292 1462 2329 13,
1489 2291 1520 2322 3.

848 2355 892 2359 —
911 2338 1112 2376 inhonestae,
1138 2337 1178 2368 da
1197 2346 1233 2367 cr
1253 2347 1314 2367 zur
1331 2336 1521 2376 Abhiingig-

849 2381 918 2414 kcit
943 2393 1008 2413 von
1032 2384 1112 2416 Rom
1137 2382 1254 2414 filiu-en
1280 2383 1412 2424 wiirde,
1441 2392 1466 2413 s.
1494 2392 1520 2411 e.

849 2428 903 2465 28³
929 2427 958 2459 7.
974 2447 1016 2450 —
1032 2431 1147 2461 urbem
1175 2438 1230 2469 ag.
1262 2426 1394 2465 dedunt,
1424 2437 1519 2458 wenu

849 2473 943 2504 diese
961 2474 1119 2507 Dedition
1143 2472 1299 2505 wirklirh
1324 2473 1448 2513 ersolgt
1466 2472 1521 2510 ist,

848 2519 905 2550 hat
927 2518 999 2550 sich
1023 2520 1158 2553 Antium
1176 2518 1293 2560 spiiter
1317 2518 1442 2549 wieder
1466 2517 1521 2547 be-

848 2564 940 2604 l'reit,
959 2575 984 2597 s.
1007 2566 1037 2604 7,
1056 2567 1110 2607 27,
1129 2567 1165 2604 23
1184 2569 1221 2603 03
1237 2563 1279 2594 ib.
1299 2566 1348 2603 19,
1368 2565 1404 2600 ϋ;
1424 2562 1521 2593 Nieb.

847 2608 884 2641 R.
902 2607 941 2640 G.
960 2613 992 2650 2,
1010 2611 1086 2642 1:63.
1198 2652 1210 2659 ν

1195 2658 1229 2686 9.
