1763 2983
119 160 146 178 a.
168 152 218 179 Ch.
241 153 299 178 3312
621 151 744 184 LIBER
770 151 822 184 Vl.
861 151 953 184 CAP.
982 152 1034 184 23.
1478 154 1525 191 51

120 254 328 293 vandarum
355 254 503 292 ratione
532 253 669 292 virium
698 254 889 292 trahendo
916 254 1014 292 bello
1052 254 1270 306 quaerebat.
1327 266 1373 291 eo
1404 254 1525 304 magis
1557 259 1574 289 2

118 310 242 349 hostis
263 310 419 357 instare,
451 321 522 349 nec
543 310 619 349 iam
639 322 710 361 pro
739 309 872 348 castris
894 315 1046 349 tantum
1076 311 1155 350 suis
1186 311 1375 361 explicare
1398 311 1531 355 aciem,

116 366 182 405 sed
211 368 419 417 procedere
448 366 487 405 in
514 367 686 406 medium
714 366 839 417 campi
874 371 912 404 et
945 367 1040 405 vallo
1077 380 1197 418 prope
1225 367 1396 406 hostium
1426 367 1531 417 signa

117 422 317 462 inferendo
338 423 546 476 superbam
564 423 745 462 fiduciam
762 422 900 461 virium
922 427 1128 462 ostentare.
1161 424 1197 462 id
1220 436 1330 475 aegre
1351 423 1525 475 patieba-
1559 429 1577 459 3

116 484 181 517 tur
201 479 400 519 Romanus
422 480 544 527 miles,
574 480 697 519 multo
725 479 874 530 aegrius
903 479 997 517 alter
1028 492 1074 517 ex
1094 480 1257 519 tribunis
1280 480 1459 527 militum,
1486 479 1527 518 L.

116 535 265 583 Furius,
288 537 394 576 ferox
417 550 506 576 cum
527 541 649 576 aetate
671 541 710 575 et
730 536 882 587 ingenio
904 541 989 574 tum
1005 536 1263 575 multitudinis
1285 550 1331 575 ex
1352 536 1524 575 incertis-

115 592 215 632 simo
237 594 425 633 sumentis
448 594 597 632 animos
620 606 687 644 spe
708 592 874 632 inflatus.
922 592 983 631 hic
1003 604 1072 643 per
1100 605 1141 631 se
1169 593 1245 631 iam
1270 593 1408 632 milites
1429 593 1524 632 inci—
1558 596 1577 627 4

116 653 217 689 tatos
239 650 396 702 insuper
416 650 620 701 instigabat
641 650 838 695 elevando,
862 662 937 700 qua
957 661 1033 687 una
1054 654 1217 700 poterat.
1248 654 1372 688 aetate
1392 655 1525 688 aucto-

115 706 266 745 ritatem
297 707 475 758 collegae,
492 706 694 746 iuvenibus
724 706 821 745 bella
852 706 938 745 data
959 705 1152 751 dictitans,
1182 711 1327 744 etcum
1350 706 1524 756 corpori-

114 763 184 802 bus
206 763 329 815 vigere
350 769 388 802 et
409 764 664 803 deflorescere
681 763 854 809 animos,
877 767 1145 802 cunctatorem
1169 775 1215 801 ex
1237 762 1426 801 acerrimo
1445 762 1527 800 bel—
1559 768 1577 797 3

114 820 235 859 latore
266 821 424 866 factum,
457 825 504 867 et,
535 820 601 872 qui
621 820 833 859 adveniens
855 825 980 859 castra
1009 819 1203 870 urbesque
1231 818 1359 870 primo
1381 819 1529 869 impetu

113 887 248 927 rapere
269 877 318 916 sit
338 877 486 924 solitus,
509 889 598 916 eum
620 877 788 916 residem
810 876 912 915 intra
932 875 1074 914 vallum
1094 881 1251 926 tempus
1272 880 1411 921 terere,
1435 875 1528 926 quid

113 945 360 973 accessurum
378 934 458 973 suis
475 934 772 973 decessurumve
783 933 951 971 hostium
969 932 1115 971 viribus
1132 937 1357 984 sperantem
1370 929 1390 970 ?
1411 944 1528 983 quam
1558 936 1577 968 6

115 990 368 1036 occasionem,
390 990 493 1042 quod
510 995 679 1042 tempus,
701 1002 819 1042 quem
836 989 986 1028 insidiis
1004 989 1247 1028 instruendis
1269 986 1431 1028 locuni?
1457 988 1527 1026 sri-

115 1059 204 1098 gere
225 1060 268 1087 ac
288 1052 443 1099 torpere
463 1048 568 1086 senis
597 1047 769 1086 consilia.
818 1047 887 1085 sed
909 1046 1067 1085 Camillo
1089 1059 1178 1086 cum
1198 1046 1297 1084 vitae
1326 1045 1418 1084 satis
1439 1049 1524 1083 tum
1562 1064 1568 1081 a

114 1103 254 1155 gloriae
290 1117 394 1151 esse,
432 1104 525 1156 quid
549 1103 711 1143 attinere
747 1115 835 1142 cum
862 1102 1015 1141 mortali
1044 1115 1207 1154 corpore
1237 1114 1317 1141 uno
1353 1101 1525 1147 civitatis,

113 1173 229 1211 quam
250 1160 500 1199 inmortalem
523 1173 606 1199 esse
628 1160 774 1205 deceat,
797 1159 876 1210 pati
897 1170 1176 1199 consenescere
1196 1156 1327 1198 vires?
1355 1158 1421 1197 His
1443 1170 1527 1197 ser-
1557 1167 1575 1198 ἐς

114 1217 295 1256 monibus
315 1221 397 1256 tota
417 1217 458 1256 in
479 1230 520 1256 se
540 1221 729 1256 averterat
749 1221 883 1260 castra,
905 1221 942 1255 et
963 1228 1052 1255 cum
1070 1216 1252 1255 omnibus
1274 1215 1367 1254 locis
1388 1227 1527 1266 posce-

113 1279 218 1312 retur
239 1285 378 1325 pugna,
402 1274 649 1320 „sustinere“
674 1272 810 1324 inquit,
833 1271 911 1318 ‚‚M.
933 1272 1039 1319 Furi,
1065 1284 1147 1312 non
1168 1284 1379 1324 possumus
1400 1272 1526 1322 impe—

114 1334 195 1368 tum
222 1330 400 1377 militum,
432 1335 471 1369 et
491 1330 627 1375 hostis,
657 1329 767 1368 cuius
788 1328 942 1367 animos
969 1330 1188 1368 cunctando
1218 1328 1418 1373 auximus,
1450 1328 1524 1367 iam

112 1386 270 1424 minime
291 1386 488 1425 toleranda
510 1386 690 1438 superbia
712 1385 889 1431 insultat,
916 1385 1009 1424 cede
1028 1397 1131 1425 unus
1154 1384 1337 1424 omnibus
1360 1390 1396 1423 et
1416 1390 1525 1436 pate—

111 1454 151 1481 re
173 1447 210 1481 te
232 1443 330 1481 vinci
352 1443 524 1489 consilio,
554 1449 597 1482 ut
617 1442 815 1482 maturius
838 1441 937 1480 bello
968 1442 1137 1482 vincas.“
1189 1443 1234 1481 ad
1261 1454 1304 1480 ea
1327 1441 1521 1486 Camillus,
1553 1454 1571 1481 a

111 1511 208 1550 quae
230 1498 327 1538 bella
348 1511 418 1538 suo
440 1500 555 1539 unius
576 1499 745 1551 auspicio
766 1504 871 1550 gesta
899 1498 945 1536 ad
974 1512 1060 1538 eam
1089 1499 1189 1537 diem
1212 1503 1353 1544 essent,
1382 1509 1522 1548 negare

851 1624 924 1645 inan
949 1612 1072 1644 kiinnte
1096 1613 1205 1655 fuerit
1230 1611 1315 1643 solit.
1343 1616 1525 1644 erwarten.

111 1613 259 1654 sogleieh
288 1614 321 1645 in
351 1614 448 1646 einen
478 1612 600 1657 Rampf
628 1613 778 1652 einliess,

851 1676 893 1681 —
911 1657 991 1699 quid
1005 1667 1098 1700 sper„
1119 1668 1143 1689 s.
1165 1658 1218 1693 21,
1237 1657 1290 1698 30,
1308 1658 1343 1689 6:
1362 1657 1443 1698 quid
1454 1668 1525 1689 cre—

110 1659 228 1690 dessen
246 1658 405 1701 Ausgang
422 1670 485 1691 nur
500 1670 576 1691 vom
590 1657 704 1691 Zufall
722 1659 779 1690 ab-

110 1704 277 1745 gehangeu
295 1705 401 1736 haben
418 1705 544 1745 wiirde,
563 1715 589 1736 s.
605 1704 658 1744 22,
678 1705 731 1744 27,
747 1704 778 1736 8.

109 1767 152 1772 —
176 1752 312 1791 ratione,
332 1750 557 1791 Berechnung,
576 1750 776 1791 Strategeim

110 1794 173 1826 wie
188 1795 240 1836 21,
259 1795 285 1835 1,
302 1795 320 1826 2
338 1799 427 1828 artes
441 1795 514 1827 hellz·
525 1796 585 1827 den
607 1797 702 1835 vires,
720 1796 779 1826 der

113 1840 324 1872 matericllen
342 1840 465 1881 Macht,
482 1841 776 1882 gegeniibersteht.

158 1885 256 1918 3—5.
281 1886 516 1926 multitudinis,
528 1886 591 1918 wie
600 1891 696 1918 sonst
708 1885 778 1918 vul-

104 1941 182 1973 gus,
197 1931 251 1963 die
264 1932 438 1973 gemeinen
452 1932 623 1964 Soldateu.
635 1951 654 1954 —
669 1942 715 1963 θα·
727 1933 779 1963 in-

109 1979 247 2017 certiss„
268 1980 293 2017 1,
302 1979 354 2017 40,
364 1978 383 2009 2
395 1989 402 2017 3
416 1977 467 2017 22,
477 1977 507 2017 3,
522 1978 620 2009 14.—
631 1979 778 2020 Insuper,

108 2023 139 2062 4,
156 2022 209 2062 58,
232 2023 279 2055 11.
295 2042 337 2046 ——
351 2033 414 2067 per
426 2034 460 2054 se
473 2025 552 2062 iam,
571 2022 724 2065 obgleich
738 2034 778 2054 zu

110 2067 181 2098 dem
195 2066 356 2112 Particip.
371 2068 519 2110 gehb'rig,
534 2069 580 2101 ist
602 2069 706 2100 durch
720 2069 777 2100 das

111 2113 320 2145 dazwischen
344 2114 502 2154 gestellte
520 2113 695 2145 substant.
712 2124 777 2144 von

109 2157 297 2191 demsclben
315 2163 471 2200 getrennt
488 2170 520 2190 u.
539 2160 686 2191 dadurch
702 2160 779 2190 her-

109 2204 331 2244 vorgehobeu,
356 2205 424 2245 vgl.
445 2205 475 2244 9,
493 2205 547 2244 45,
569 2205 625 2244 113
655 2204 705 2244 10,
725 2204 778 2243 21,

110 2249 148 2289 9,
180 2251 205 2289 1,
223 2249 253 2289 4,
271 2250 311 2288 4,
338 2250 381 2281 ib.
405 2251 453 2290 15,
475 2251 512 2289 7,
539 2250 570 2290 4,
589 2250 642 2290 30,
661 2250 698 2281 S:
724 2251 782 2281 siti

104 2303 264 2337 pecorum
279 2296 491 2327 morientium
505 2306 536 2326 u.
553 2306 580 2327 a.
600 2313 638 2317 —
654 2297 778 2334 aetate,

106 2349 172 2370 von
186 2339 301 2371 Seiten
315 2340 372 2371 des
383 2339 510 2380 Alters‚
526 2340 637 2373 seiner
651 2340 777 2380 Jugend

108 2384 173 2415 und
190 2385 247 2416 des
267 2384 516 2417 Greisenalters
531 2386 588 2417 des
604 2385 775 2417 Camillus.

108 2427 218 2461 Ueber
240 2430 394 2463 elevando
419 2431 450 2471 3,
469 2431 521 2472 21,
539 2432 570 2463 4.
594 2449 637 2453 -
663 2440 778 2474 rapere

107 2489 148 2500 =
168 2477 294 2518 raptim
309 2486 421 2518 agere,
445 2486 568 2520 capere,
593 2476 646 2516 30,
670 2477 718 2516 14,
738 2476 776 2515 2,

109 2519 187 2551 Tac.
213 2520 251 2553 H.
275 2521 305 2562 4,
329 2522 387 2553 33:
415 2524 552 2565 rapiunt
575 2523 609 2553 in
633 2523 779 2553 transita

108 2564 254 2598 hiberna.
266 2583 308 2589 -——
322 2568 364 2598 sit
378 2566 476 2610 solit„
486 2566 536 2599 bis
546 2565 635 2608 jetzt
648 2566 778 2606 immer3

851 1703 973 1743 dentes,
991 1703 1126 1734 iihnlich
1142 1703 1202 1734 der
1217 1702 1432 1742 Verbindung
1449 1701 1528 1743 quid

853 1751 898 1791 ut,
915 1750 946 1788 4,
965 1748 1017 1788 49,
1041 1750 1090 1781 15.
1123 1748 1196 1781 von
1213 1751 1403 1791 sperantem
1421 1748 1525 1788 h‘angt

851 1795 934 1826 auch
958 1793 1243 1837 tempus—Iocum
1268 1793 1318 1825 ab.
1340 1811 1383 1816 —
1404 1803 1523 1824 access.

850 1858 870 1862 —
883 1839 1016 1879 decess,
1035 1839 1088 1879 27,
1109 1839 1159 1879 13,
1177 1840 1207 1871 6.

896 1886 995 1917 6-8.
1027 1885 1162 1926 friffere
1178 1897 1203 1916 c.
1224 1888 1258 1926 t.‚
1279 1886 1467 1926 Gegensatz
1485 1896 1525 1916 zu

851 1942 878 1963 c.
897 1930 950 1970 22,
969 1931 1004 1962 7:
1030 1933 1179 1972 vegetum
1197 1935 1274 1963 etc.:
1301 1932 1415 1963 hatten
1440 1931 1524 1963 alles

850 1975 959 2008 Feuer
975 1976 1040 2007 und
1058 1975 1171 2007 Leben
1189 1977 1360 2009 verloren.
1380 1995 1423 1999 —
1449 1987 1523 2008 con-

849 2021 936 2063 silia,
954 2020 1083 2062 haufige
1099 2022 1355 2063 Vertauschung
1369 2023 1426 2053 des
1441 2021 1525 2053 Sub-

846 2067 971 2108 jectes:
1001 2077 1111 2098 senem
1132 2069 1165 2098 in
1183 2068 1329 2099 consiliis
1344 2066 1522 2110 capiendi-9.

850 2131 892 2135 -—
909 2111 969 2143 sed
982 2111 1073 2143 Cam.
1093 2117 1168 2152 etc.,
1186 2113 1241 2144 ein
1259 2113 1524 2153 untergeordne-

849 2162 904 2190 ter
921 2157 1079 2190 Gedanke
1098 2157 1142 2189 ist
1158 2168 1211 2189 um
1238 2158 1291 2190 ihu
1310 2169 1350 2189 zu
1368 2158 1473 2189 heben
1492 2158 1522 2188 in

852 2203 958 2235 einem
977 2203 1182 2245 Hauptsatze
1201 2203 1441 2244 ausgedriickt:
1468 2202 1522 2233 bei

850 2248 937 2280 Cam.
958 2248 1006 2279 sei
1024 2248 1082 2279 das
1101 2249 1286 2289 natiirlich,
1311 2248 1409 2287 aher,
1427 2257 1522 2279 wenn

849 2294 933 2326 auch
950 2303 987 2324 er
1000 2312 1055 2333 -—‚
1070 2304 1105 2325 so
1124 2292 1219 2326 diii-fe
1239 2294 1320 2326 doch
1339 2293 1431 2324 nicht
1447 2303 1477 2323 u.
1497 2303 1523 2323 s.

850 2349 890 2371 w.
903 2358 935 2361 —
960 2337 1041 2380 qaid
1050 2341 1121 2377 act„
1135 2339 1286 2371 welchen
1302 2338 1426 2370 Zweck
1439 2337 1522 2369 habe

849 2395 895 2424 es,
913 2394 1041 2416 warum
1059 2384 1157 2425 solle,
1179 2395 1205 2416 s.
1225 2384 1254 2421 2,
1273 2385 1324 2423 41,
1342 2385 1378 2423 6,
1399 2383 1451 2422 37,
1473 2383 1522 2420 15,

850 2430 869 2461 2
887 2441 917 2462 u.
936 2440 965 2461 a.
984 2448 1027 2451 —
1043 2430 1191 2469 inmort„
1210 2430 1262 2469 28,
1279 2429 1331 2468 28,
1355 2430 1409 2468 11,
1435 2427 1521 2459 Einl.

851 2475 883 2507 S.
907 2477 956 2508 15.
975 2492 1017 2497 -—
1034 2477 1151 2514 avert„
1169 2485 1194 2506 s.
1215 2486 1242 2506 c.
1263 2475 1293 2515 9,
1312 2475 1342 2505 9.

898 2521 1021 2552 9—11.
1047 2529 1174 2562 negare
1193 2529 1397 2561 neq.—neq.,
1424 2518 1449 2555 1,
1469 2516 1521 2554 36,

854 2565 891 2606 3,
917 2564 999 2596 iiber
1022 2567 1187 2596 aut—aut
1209 2564 1264 2605 22,
1286 2564 1317 2604 2,
1336 2564 1355 2595 6
1380 2573 1408 2593 u.
1430 2570 1458 2592 a.
1477 2577 1521 2583 --

1185 2621 1235 2654 4*
