1763 2983
185 351 215 381 11

169 573 223 612 28

202 689 219 719 ,ὁ

142 1308 220 1335 ἐς

694 179 815 212 LIBER
843 178 894 212 Vl.
937 178 1028 211 CAP.
1058 180 1109 211 27.
1138 180 1188 212 28.

251 184 302 222 60
1511 189 1536 209 a,
1556 189 1582 207 11.
1603 181 1663 207 374.

252 296 367 337 quam
390 284 550 323 dilectus
572 288 674 322 esset
694 306 747 309 -e-
769 282 910 333 quippe.
932 282 1005 320 iam
1038 294 1058 320 a
1081 282 1287 321 Praeneste
1315 282 1507 333 profectos
1526 282 1660 322 hostes

251 343 289 380 in
311 354 399 392 agro
422 340 566 379 Gabino
589 339 808 378 consedisse
829 338 1079 377 nuntiabatur
1106 361 1172 383 —,
1207 338 1361 377 interim
1382 338 1557 377 tribunos
1577 338 1660 390 ple-

249 397 305 436 bis
326 398 427 436 fama
448 410 491 436 ea
513 396 594 447 ipsa
615 396 835 434 inritaverat
865 395 985 445 magis
1007 395 1053 434 ad
1076 400 1304 446 susceptum
1325 400 1520 434 certamen
1541 406 1657 446 quam

249 454 503 499 deterruerat,
540 465 664 502 neque
697 452 798 491 aliud
827 452 872 490 ad
901 452 1132 490 seditionem
1169 451 1467 503 extinguendam
1498 451 1537 490 in
1564 451 1660 491 urbe

250 523 365 561 quam
387 522 507 560 prope
528 508 691 548 inlatum
713 508 917 547 moenibus
938 508 1031 559 ipsis
1053 508 1196 546 bellum
1218 508 1347 547 valuit.

360 566 458 605 Nam
488 578 576 605 cum
606 569 707 604 esset
727 564 986 603 Praenestinis
1015 565 1236 603 nuntiatum
1265 564 1416 604 nullum
1449 564 1660 603 exercitum

250 623 513 674 conscriptum
537 622 693 664 Romae,
721 622 870 660 nullum
902 622 1041 660 ducem
1063 627 1213 660 certum
1235 633 1330 667 esse,
1362 626 1492 673 patres
1513 633 1558 660 ac
1577 621 1660 672 ple-

249 680 336 718 bem
357 679 396 718 in
417 683 540 718 semet
561 678 664 730 ipsos
686 691 827 722 versos,
861 678 1100 717 occasionem
1122 678 1192 718 rati
1215 678 1331 718 duces
1353 689 1491 716 eorum
1519 676 1659 729 raptim

249 736 399 787 agmine
420 742 503 775 acto
526 735 751 786 pervastatis
773 735 951 786 protinus
980 735 1077 786 agris
1100 735 1145 773 ad
1168 740 1322 786 portam
1344 734 1533 773 Collinam
1554 733 1661 785 signa

250 793 426 832 intulere.
460 792 593 843 ingens
615 792 653 830 in
675 792 768 830 urbe
790 791 994 842 trepidatio
1017 791 1101 830 fuit.
1135 791 1419 831 conclamatum
1442 791 1512 836 „ad
1529 794 1661 829 arma“

251 860 561 900 concursumque
590 849 628 886 in
656 860 790 887 muros
821 853 935 898 atque
963 853 1094 899 portas
1123 854 1191 887 est.
1222 848 1456 898 tandemque
1484 847 1530 886 ab
1559 846 1662 886 sedi—

249 906 353 944 tione
390 906 435 944 ad
468 905 611 943 bellum
646 904 745 943 versi
786 904 1013 944 dictatorem
1051 905 1093 943 T.
1131 904 1355 950 Quinctium
1392 903 1661 943 Cincinnatum

249 974 438 1001 creavere.
499 961 529 999 is
572 961 798 1012 magistrum
835 961 1008 1012 equitum
1048 961 1090 999 A.
1129 961 1405 1012 Sempronium
1441 959 1661 999 Atratinum

251 1018 355 1057 dixit.
406 1018 509 1069 quod
538 1017 603 1056 ubi
632 1018 807 1056 auditum
837 1023 896 1056 est
925 1040 981 1045 —
1008 1022 1138 1056 tantus
1162 1017 1241 1056 eius
1264 1017 1513 1068 magistratus
1534 1021 1660 1055 terror

249 1080 330 1112 erat
356 1096 412 1102 —
441 1074 557 1112 simul
580 1075 709 1113 hostes
739 1086 758 1111 a
787 1073 990 1113 moenibus
1013 1086 1217 1119 recessere,
1249 1079 1286 1112 et
1306 1073 1477 1112 iuniores
1499 1072 1663 1111 Romani

250 1130 295 1168 ad
317 1131 485 1170 edictum
508 1131 589 1168 sine
611 1130 882 1169 retractatione
905 1141 1131 1168 convenere.
1184 1131 1277 1168 (lum
1307 1129 1562 1168 conscribitur
1582 1129 1662 1168 Ro-

249 1200 333 1225 mae
355 1186 558 1231 exercitus,
593 1192 715 1225 eastra
743 1186 898 1225 interim
921 1186 1091 1225 hostium
1123 1186 1222 1224 haud
1244 1187 1380 1237 procul
1401 1186 1481 1224 Alia
1504 1185 1662 1224 flumine

248 1243 391 1294 posita,
414 1243 501 1281 inde
523 1255 657 1294 agrum
687 1243 760 1281 late
780 1243 1008 1294 populantes
1031 1242 1184 1281 fatalem
1207 1255 1247 1280 se
1277 1243 1362 1281 urbi
1387 1243 1581 1281 Romanae
1603 1241 1661 1281 lo-

251 1312 338 1338 cum
361 1299 504 1350 cepisse
533 1299 633 1337 inter
654 1312 694 1337 se
715 1298 919 1345 iactabant,
950 1298 1116 1338 similem
1147 1311 1327 1350 pavorem
1350 1299 1436 1337 inde
1465 1311 1508 1337 ae
1527 1299 1659 1350 fugam

250 1356 333 1394 fore
353 1369 395 1394 ac
416 1356 514 1394 bello
537 1355 678 1394 Gallico
700 1355 834 1394 fuerit:
864 1355 1009 1393 etenim
1037 1355 1068 1393 si
1099 1355 1201 1394 diem
1224 1360 1446 1394 contactum
1476 1355 1660 1406 religione

251 1412 517 1462 insignemque
546 1412 703 1451 nomine
738 1412 820 1451 eius
856 1412 930 1450 loci
964 1412 1125 1450 timeant
1156 1411 1332 1458 Romani,
1370 1416 1513 1463 quanto
1542 1412 1663 1463 magis

251 1468 393 1507 Aliensi
417 1468 476 1506 die
498 1468 618 1507 Aliam
642 1468 779 1519 ipsam.
805 1474 1104 1507 monumentum
1125 1473 1255 1509 tantae
1276 1468 1405 1514 cladis,
1433 1468 1665 1508 reformida-

255 1601 348 1632 Hdss.
372 1601 474 1631 haben
500 1600 552 1631 die
575 1601 670 1631 harto
690 1601 707 1631 Χ
722 1600 921 1641 erbindung:

253 1648 361 1677 minoi·
382 1656 556 1687 praesens,
586 1646 642 1677 mit
667 1646 724 1678 der
749 1657 810 1677 nur
833 1651 920 1678 etwa
941 1667 946 1670 -

253 1691 443 1732 verglichen
475 1691 608 1723 werden
637 1691 760 1722 k'onnte
785 1690 920 1722 Terent.

254 1737 368 1768 Heaut.
390 1736 418 1777 2,
434 1739 464 1772 3,
488 1737 562 1768 11ἒ5ι
589 1737 686 1777 quasi
701 1738 774 1767 istie
788 1746 860 1767 mea
869 1746 922 1768 res

254 1783 362 1813 ηιίηον
378 1784 514 1822 agatur,
532 1791 629 1822 quam
645 1784 711 1812 lua.
726 1799 769 1803 —
783 1780 871 1813 cred.
881 1799 921 1803 —

253 1837 377 1867 erseq,
401 1826 482 1857 iiber
505 1827 556 1857 die
574 1825 752 1866 geh'ziusten
773 1825 922 1858 Genitivi

254 1882 279 1902 s.
300 1870 400 1913 praef.
422 1870 452 1901 3.
476 1889 518 1893 —
540 1872 681 1913 profect
702 1889 743 1893 —
761 1872 922 1911 nuntiab,

255 1927 280 1947 s.
308 1917 339 1956 4,
358 1917 410 1953 525,
430 1919 457 1946 25.
487 1934 528 1938 —
555 1918 651 1947 iuter.
674 1935 711 1937 —
732 1915 868 1957 (lebera,
895 1927 920 1947 s.

255 1962 285 2000 3,
305 1961 352 2001 17,
372 1961 424 1993 12:
444 1961 502 1991 der
517 1960 671 1992 Gedanke
685 1961 741 1991 hat
757 1962 825 1992 sich
841 1966 923 1992 statt

255 2005 312 2037 aus
341 2016 412 2037 cum
447 2011 509 2036 ctc.
549 2006 821 2046 zuriickzugehen
834 2030 841 2041 ,
883 2017 922 2037 :in

255 2052 374 2093 quippe
402 2068 444 2072 --
474 2052 617 2082 lllmll'ab.
655 2052 922 2090 angeschlossen‚

256 2096 356 2127 daher
375 2095 474 2131 nicht,
494 2096 555 2126 wic
574 2106 645 2127 inan
664 2101 841 2128 erwartet:
860 2098 922 2128 tre·-

257 2141 338 2172 lnmi
348 2150 480 2171 sarnum
495 2142 526 2171 vi
535 2140 688 2171 dilectam
703 2141 922 2184 inpmliebanl.

257 2196 332 2216 nam
351 2195 391 2216 ea
408 2187 481 2227 ipsa
498 2187 595 2227 fama
611 2204 649 2207 —
670 2188 878 2218 im’ilm'erat.

304 2223 371 2261 28·
392 2232 483 2262 1—13.
498 2233 634 2268 συνίημι,
649 2231 701 2261 bei
716 2232 773 2263 der
784 2242 921 2271 grossen

257 2275 340 2307 zahl
364 2275 422 2306 der
448 2274 752 2315 Militiirtribunen,
782 2277 923 2308 bereitet

257 2319 315 2351 auf
329 2319 380 2351 die
401 2319 501 2351 Wahl
519 2321 575 2351 des
599 2320 771 2352 Dictators
791 2332 862 2352 vor.
881 2340 923 2344 -

257 2366 429 2403 occasion„
444 2365 591 2397 absolut:
610 2366 669 2397 der
683 2366 838 2405 giinstige
853 2366 923 2397 Mo-

257 2414 354 2445 ment.
383 2421 410 2441 s.
428 2411 459 2449 4,
479 2413 530 2450 31,
549 2411 577 2441 2.
605 2429 640 2432 —
675 2413 811 2452 agmine
839 2414 924 2450 acm,

258 2455 480 2491 niarschiren,
506 2455 563 2486 das
582 2455 668 2486 Hem·
692 2456 721 2486 in
742 2457 924 2496 Bewegung

258 2504 388 2535 setzcn:
413 2500 560 2539 hiiuliger
578 2500 637 2531 mit
658 2503 797 2543 raptim,
822 2512 923 2533 cursu

257 2556 287 2576 u.
299 2545 328 2576 Ξι.
338 2545 666 2583 verbundcnfflndcrs
676 2548 809 2586 “g‘''ls'ffl
822 2547 924 2587 suem,

259 2592 288 2630 ὁ,
307 2592 359 2630 311,
378 2591 408 2621 4.
427 2608 469 2612 —
489 2593 653 2633 prolium,
673 2591 757 2623 beiin
775 2591 924 2623 voi-ruk-

997 1601 1071 1642 ken,
1090 1605 1291 1641 unterwegs,
1316 1600 1382 1641 vgl.
1403 1602 1458 1643 26,
1478 1603 1531 1643 51,
1548 1601 1586 1642 93
1612 1602 1666 1641 32,

999 1647 1048 1685 13,
1068 1647 1099 1677 4.
1117 1665 1159 1668 —
1177 1645 1223 1677 ad
1234 1648 1370 1688 portam
1393 1647 1437 1686 C.,
1461 1647 1509 1679 sie
1527 1647 1666 1679 riickten

996 1691 1055 1722 auf
1074 1691 1226 1723 dasselbe
1249 1702 1305 1730 zu,
1340 1690 1456 1723 kamen
1480 1692 1551 1724 also
1577 1692 1668 1724 nieht

995 1736 1055 1768 auf
1081 1737 1140 1768 der
1171 1736 1226 1768 via
1252 1736 1489 1778 Praenestina,
1522 1737 1665 1769 sondern

996 1781 1280 1813 derNoinentana.
1292 1801 1327 1803 ›—
1346 1785 1446 1823 atque
1459 1782 1667 1825 p.‚obgleich

996 1837 1035 1858 zu
1061 1830 1177 1869 portas
1206 1827 1297 1858 mehr
1325 1826 1370 1858 ad
1398 1837 1515 1869 passen
1541 1827 1667 1867 wiirde,

996 1872 1082 1903 kann
1108 1873 1188 1903 doch
1213 1872 1297 1903 auch
1319 1873 1352 1902 ιή
1379 1871 1502 1905 darauf
1519 1872 1664 1914 bezogen

996 1918 1141 1949 werden.

1041 1963 1139 1994 4—6.
1162 1962 1364 2004 Qzu'netz’am,
1379 1974 1406 1995 c.
1428 1963 1478 1994 18.
1489 1981 1532 1985 —
1544 1964 1666 1995 iunior.

996 2007 1034 2039 R.
1060 2007 1126 2038 wie
1154 2007 1247 2050 plebs
1270 2007 1438 2047 Romanag
1464 2010 1580 2050 patres
1602 2008 1667 2040 Ro-

996 2054 1095 2083 mam'.
1118 2071 1157 2074 —
1177 2054 1250 2084 sine
1268 2056 1416 2093 retract„
1434 2053 1501 2093 vgl.
1520 2064 1549 2092 e,
1571 2053 1621 2092 16,
1636 2053 1666 2084 3.

996 2115 1039 2119 -
1057 2097 1177 2140 procul
1197 2097 1265 2139 AL,
1296 2098 1344 2129 sie
1368 2098 1501 2130 werden
1526 2096 1586 2130 auf
1607 2099 1666 2130 der

997 2153 1009 2173 x
1021 2143 1051 2174 ia
1063 2142 1196 2174 Salaria
1209 2143 1507 2184 zuriickgegangen
1517 2143 1668 2184 gedacht‚

996 2187 1092 2219 Nieb.
1113 2187 1149 2219 R.
1171 2186 1209 2219 G.
1236 2189 1267 2228 2,
1285 2190 1361 2220 660.
1386 2207 1430 2211 —
1452 2191 1590 2220 contact.
1608 2187 1666 2221 rel.

995 2248 1039 2258 =
1056 2233 1265 2274 religiosum,
1288 2236 1421 2274 atrum,
1445 2245 1473 2265 c.
1496 2234 1522 2274 1,
1542 2234 1594 2272 11,
1611 2233 1670 2265 auf

996 2279 1067 2309 dem
1091 2278 1142 2308 eiu
1166 2278 1269 2309 Fluch
1293 2279 1378 2310 ruht.
1398 2297 1439 2301 —
1465 2278 1601 2310 Aliensi
1614 2278 1668 2310 die

998 2324 1043 2354 ist
1068 2323 1150 2354 nach
1171 2323 1254 2355 diem
1279 2335 1304 2356 c.
1326 2334 1354 2356 r.
1379 2323 1589 2363 wiederholt‚
1613 2334 1666 2355 u1n

997 2368 1057 2399 den
1077 2367 1264 2409 Gegensatz
1289 2380 1330 2400 zu
1346 2369 1463 2400 Aliam
1486 2380 1525 2400 zu
1548 2368 1664 2400 heheu.

997 2413 1055 2444 Die
1069 2413 1286 2455 Verbindung
1300 2425 1362 2446 von
1388 2415 1501 2456 magis
1517 2414 1578 2446 mit
1594 2414 1666 2445 dem

997 2458 1071 2489 Abi.
1091 2463 1174 2490 statt
1199 2470 1297 2500 quam
1322 2460 1365 2491 ist
1389 2469 1506 2491 ausser
1528 2458 1582 2490 bei
1599 2458 1666 2490 Ad-

992 2503 1142 2542 jectivi-‚n
1157 2504 1221 2535 wie
1235 2505 1330 2537 solito
1344 2516 1375 2536 u.
1391 2505 1419 2536 ii.
1436 2504 1527 2536 nicht
1539 2503 1666 2544 hiiufig3

998 2558 1024 2578 s.
1044 2548 1084 2578 29
1121 2549 1168 2585 15,
1192 2550 1225 2580 11
1240 2562 1247 2581 :
1276 2550 1337 2581 aliz·
1350 2549 1428 2581 aliis
1443 2550 1554 2591 magis
1571 2558 1668 2580 recu-

997 2602 1091 2627 samz
1124 2592 1157 2624 C.
1179 2593 1252 2626 Fin.
1279 2597 1308 2634 3,
1328 2594 1357 2636 3,
1381 2595 1438 2627 11:
1465 2594 1533 2626 alia
1556 2595 1666 2636 magis
