1763 2983
132 336 149 363 Γ)

184 217 262 256 v16ss

669 213 793 246 LIBER
821 213 888 246 Vll.
926 212 1017 246 CAP.
1046 214 1099 247 36.

1446 223 1462 239 a
1491 224 1518 243 u.
1539 215 1598 242 411v

292 317 542 367 Aliquantum
563 321 767 367 supererat
786 317 909 355 noctis
930 316 1084 367 iamque
1103 316 1238 355 intuto
1253 316 1486 355 videbantur
1499 330 1596 363 esse,

177 387 264 415 eum
290 373 427 412 llecius
459 379 611 419 „macte
636 373 805 412 virtute“
829 373 971 425 inquit,
1003 373 1172 419 „milites
1196 373 1373 419 Romani,
1398 378 1503 411 este:
1530 387 1595 411 ve-

133 440 152 469 s'»
182 438 304 471 strum
330 430 403 468 iter
425 443 468 468 ac
490 429 658 468 reditum
679 429 809 469 omnia
832 431 982 470 saecula
1001 430 1179 469 laudibus
1192 430 1340 477 ferent,
1364 430 1431 469 sed
1445 430 1491 469 ad
1503 442 1597 469 con-

177 488 420 541 spiciendam
446 491 591 525 [antam
618 487 803 526 virtutem
830 488 981 536 lu‹·e‚ac
1003 486 1063 524 die
1088 499 1185 538 opus
1210 491 1280 533 est,
1307 498 1380 525 nec
1403 500 1469 525 vos
1493 487 1598 539 digni

179 545 282 588 estis,
314 557 411 595 quos
436 556 525 582 cum
550 550 653 583 tanta
676 544 793 595 gloria
816 544 854 581 in
879 548 1000 582 eastra
1029 543 1194 582 reduces
1224 543 1423 582 silentium
1455 557 1499 583 ac
1520 556 1597 583 nox

180 607 293 653 tegat.
338 600 399 639 liic
420 601 545 639 lucem
569 601 692 652 quieti
715 601 1006 652 opperiemur.“
1044 599 1155 639 dictis
1178 600 1504 651 obtemperatum.
1538 607 1596 641 at-

181 672 257 712 que
279 658 345 697 ubi
367 658 537 709 primum
560 657 711 703 inluxit,
735 657 951 708 praemisso
971 657 1113 695 nuntio
1132 658 1178 696 ad
1197 657 1398 697 consulem
1418 657 1458 696 in
1477 664 1598 698 castra

180 715 331 767 ingenti
349 715 489 766 gaudio
508 715 767 760 concitantur,
792 719 829 752 et
846 719 992 753 tessera
1017 714 1103 753 data
1122 714 1340 753 incolumes
1357 715 1509 761 reverti,
1533 715 1599 767 qui

182 787 251 812 sua
273 784 437 823 corpora
460 784 528 823 pro
550 772 674 811 salute
697 771 876 810 omnium
893 771 995 809 haud
1018 771 1136 810 dubio
1160 771 1331 823 periculo
1349 771 1599 817 obiecissent,

180 843 250 882 pro
274 842 315 868 se
337 829 503 880 quisque
527 828 679 867 obviam
704 828 817 867 effusi
839 828 1011 873 laudant,
1035 828 1289 878 gratulantur,
1312 828 1486 879 singulos
1510 828 1599 867 uni—

182 899 396 937 versosque
419 890 636 924 servatores
667 898 759 923 suos
783 890 933 931 vocant,
964 885 1036 923 diis
1065 885 1198 924 laudes
1229 890 1437 937 gratesque
1467 890 1598 936 agunt,

133 950 151 981 8
181 944 341 983 Decium
364 943 404 981 in
427 943 576 981 caelum
599 945 744 981 ferunt.
769 942 831 981 hic
848 942 953 981 Decii
976 942 1187 981 castrensis
1204 942 1428 994 triumphus
1446 942 1520 981 fuit
1536 942 1599 981 in-

177 1000 355 1040 cedentis
373 1012 443 1051 per
466 999 590 1038 media
614 1004 736 1038 castra
755 1012 844 1038 cum
862 1004 1010 1038 armato
1029 1000 1224 1050 pracsidio
1244 999 1430 1039 coniectis
1449 999 1490 1038 in
1508 1012 1599 1038 eum

178 1057 356 1096 omnium
387 1056 510 1095 oculis
542 1062 580 1095 et
602 1056 710 1095 omni
733 1057 882 1094 honore
905 1056 1112 1095 tribunum
1142 1057 1295 1096 consuli
1327 1056 1598 1108 aequantibus.

131 1127 149 1155 o
183 1115 248 1153 ubi
280 1114 325 1152 ad
359 1113 598 1165 praetorium
630 1119 791 1152 ventum
825 1118 904 1159 est,
938 1113 1074 1151 consul
1106 1113 1264 1152 classico
1297 1114 1342 1152 ad
1376 1113 1600 1152 contionem

179 1176 378 1216 convocat,
412 1183 606 1222 orsusque
638 1170 798 1209 meritas
831 1170 935 1209 Decii
968 1169 1102 1209 laudes
1135 1170 1345 1209 interfante
1376 1170 1460 1221 ipso
1483 1170 1601 1210 Decio

116 1243 154 1272 lo
185 1227 335 1267 distulit
357 1227 597 1271 contionem,
630 1227 696 1279 qui
719 1232 852 1266 auctor
873 1226 1006 1266 onmia
1027 1227 1300 1278 posthabendi,
1331 1227 1422 1265 dum
1453 1227 1602 1267 occasio

184 1286 224 1324 in
249 1284 432 1323 manibus
456 1290 570 1329 esset,
593 1285 766 1336 perpulit
787 1285 1003 1329 consulem,
1035 1290 1078 1323 ut
1100 1285 1233 1323 hostes
1257 1290 1296 1323 et
1318 1289 1513 1323 nocturno
1535 1297 1604 1336 pa-

186 1354 276 1381 vore
296 1341 483 1380 attonitos
503 1346 540 1379 et
557 1342 656 1380 eirea
674 1342 813 1380 collem
831 1341 1060 1380 castellatim
1079 1341 1287 1392 dissipatos
1305 1341 1605 1392 adgrederetur:

186 1399 345 1438 credere
369 1398 485 1437 etiam
509 1399 660 1450 aliquos
683 1399 728 1437 ad
751 1411 793 1437 se
816 1399 1065 1450 sequendum
1089 1399 1253 1437 emissos
1282 1410 1354 1450 per
1376 1398 1516 1437 saltum
1539 1411 1607 1437 va-

116 1467 149 1498 11
184 1457 275 1507 gari.
317 1456 445 1494 iussae
467 1456 641 1508 legiones
664 1469 769 1495 arma
793 1467 943 1507 capere,
967 1467 1226 1507 egressaeque
1249 1454 1398 1501 castris,
1423 1468 1511 1494 cum
1534 1468 1604 1507 per

176 1514 439 1564 exploratores
472 1513 601 1551 notior
628 1513 703 1552 iam
735 1515 855 1552 saltus
886 1518 999 1559 esset,
1030 1512 1089 1551 via
1111 1513 1331 1564 patentiore
1363 1512 1409 1551 ad
1441 1513 1597 1552 hostem

111 1580 147 1614 12
179 1571 399 1616 ducuntur3
422 1583 541 1622 quem
564 1570 766 1609 incautum
788 1569 989 1621 inproviso
1013 1570 1182 1616 adortae,
1207 1583 1296 1609 cum
1322 1569 1436 1621 palati
1454 1569 1599 1621 passim

180 1627 417 1667 Samnitium
436 1627 579 1666 milites
597 1627 775 1680 plerique
792 1627 964 1666 inermes
983 1639 1055 1667 nec
1072 1627 1175 1666 coire
1198 1626 1238 1667 in
1257 1640 1381 1667 uuum
1401 1639 1474 1666 nec
1489 1639 1596 1667 arma

227 1818 324 1851 5—8.
355 1820 470 1856 macte,
498 1818 528 1857 2,
559 1816 625 1857 12}
642 1817 693 1848 14.
720 1835 764 1839 -
789 1816 860 1848 lace

181 1875 219 1896 ac
237 1864 279 1905 (li,
299 1863 535 1905 hendiadyoin,
554 1862 620 1894 wie
639 1862 683 1894 im
700 1861 794 1903 Folg.
813 1864 860 1894 si-

184 1911 322 1942 lentiam
347 1919 385 1940 ac
403 1919 482 1940 nom.
513 1927 555 1931 —
585 1907 630 1939 ml
650 1910 790 1950 couspe'e.
815 1923 859 1934 z

185 1959 223 1988 ut
241 1956 476 1998 conspiciatur.
496 1973 535 1976 —
555 1953 601 1985 ad
616 1963 704 1985 cons.
726 1955 746 1984 τ’.
768 1964 807 1994 e.‚
834 1965 859 1985 s.

186 2003 240 2041 45,
267 2002 298 2041 6,
330 2001 384 2032 12:
423 2002 456 2032 in
481 2002 593 2031 castra
624 1998 670 2030 ad
692 1999 859 2031 consulem

185 2049 288 2085 misit,
307 2046 375 2086 vgl.
396 2047 426 2087 5,
445 2046 499 2085 47,
518 2045 548 2076 7.
575 2063 618 2067 —
641 2046 860 2084 concitantur,

186 2093 240 2124 dic
258 2092 417 2124 Soldaten
437 2091 477 2122 im
498 2090 618 2131 Lagei:
653 2089 756 2122 Gron.
783 2091 862 2131 tilgt

187 2141 220 2170 ιή
242 2148 302 2170 vor
320 2140 443 2177 castra,
463 2147 488 2168 S.
511 2136 540 2176 1,
559 2137 612 2176 60,
633 2135 716 2167 2.-
733 2139 862 2168 tessera

188 2185 231 2224 d.,
250 2195 276 2216 c.
297 2182 351 2224 35,
370 2184 396 2214 1.
415 2201 458 2205 -
476 2181 592 2214 laudes
603 2191 674 2224 gr„
692 2182 777 2213 wird
796 2193 861 2214 von

190 2230 225 2261 L.
251 2228 299 2261 oft
323 2229 383 2260 mit
406 2238 508 2270 agere
532 2227 735 2269 verbunden,
766 2238 861 2259 wenn

189 2278 249 2308 der
264 2275 357 2306 Dank
375 2284 479 2314 gegen
498 2273 551 2305 die
572 2273 693 2305 Giitter
711 2274 863 2306 bezeich-

191 2327 247 2354 net
265 2321 398 2352 werden
419 2320 494 2358 soll,
514 2330 538 2351 s.
560 2320 590 2358 5,
611 2320 662 2359 23,
683 2321 718 2360 33
739 2321 791 2360 213,
807 2321 863 2359 418,

192 2370 210 2401 3
229 2379 259 2399 u.
278 2377 320 2407 a.,
340 2366 445 2397 selten
467 2366 608 2396 braucht
630 2376 667 2397 er
687 2366 715 2396 in
737 2366 862 2398 diesem

195 2413 285 2445 Faue
296 2414 592 2454 g·7·(1l1'as(tgel·e,s.
606 2413 658 2453 45,
672 2412 741 2453 2,(3,
754 2412 818 2451 vgl.
832 2413 863 2453 (ἰ,

193 2462 223 2502 (ἰ,
239 2459 269 2492 6.
290 2478 329 2481 m
345 2459 595 2496 «a.‚·t1·ensist1·.,
611 2468 647 2489 er
662 2469 724 2498 zog
737 2458 863 2499 gleich-

195 2516 262 2538 sam
283 2502 525 2546 triumphirend
546 2502 589 2533 im
610 2503 716 2543 Lagcr
734 2503 803 2544 ein,
831 2504 862 2534 in

197 2553 304 2590 bezug
321 2549 380 2581 auf
393 2561 421 2580 c.
442 2547 493 2589 38,
514 2548 542 2579 3.
563 2566 605 2570 —
624 2551 779 2580 coniectas·
798 2554 862 2581 ele.

196 2598 249 2633 21,
274 2598 300 2637 1,
319 2597 348 2627 5.
375 2614 409 2617 ψ
431 2596 598 2635 aequant„
623 2595 670 2633 lo,
690 2595 742 2635 30,
764 2597 795 2625 ll.

242 2642 362 2673 tJ—lo.
382 2640 519 2671 ela-suvioo
535 2644 598 2671 etr.
619 2640 734 2678 chct.
756 2640 786 2680 2,
806 2640 863 2671 22:

933 1816 1109 1847 classicum
1135 1815 1332 1859 appellatur,
1363 1814 1452 1858 quod
1472 1815 1607 1847 bucina-

933 1865 1019 1894 tores
1036 1872 1097 1905 per
1120 1872 1224 1893 cornu
1249 1862 1372 1902 dicunt,
1400 1872 1426 1893 s.
1445 1860 1558 1902 Lange
1579 1861 1607 1902 1,

935 1908 1012 1939 414.
1039 1926 1081 1930 —
1104 1907 1150 1938 acl
1172 1910 1255 1939 cont.
1284 1918 1323 1945 tn,
1355 1908 1437 1938 ohne
1463 1905 1606 1948 object„

934 1964 959 1984 s.
980 1952 1033 1992 2⁴5,
1052 1953 1107 1992 48,
1130 1952 1186 1990 133
1216 1952 1246 1992 8,
1265 1952 1318 1991 32,
1341 1954 1377 1984 1:
1404 1952 1540 1984 classico
1566 1952 1610 1984 ad

934 2000 1119 2030 contionem
1136 1998 1323 2037 advocavit,
1352 1999 1383 2037 4,
1412 1999 1439 2039 1,
1458 1998 1497 2036 63
1525 1997 1556 2037 9,
1577 1998 1607 2038 2,

939 2045 987 2077 15.
1006 2062 1050 2067 —
1073 2044 1272 2086 interfante,
1295 2045 1322 2084 1,
1340 2043 1394 2083 28,
1418 2043 1466 2076 10.
1487 2061 1528 2065 —
1552 2044 1611 2084 qai

935 2090 980 2121 ist
1011 2089 1071 2121 auf
1101 2090 1158 2121 das
1184 2089 1422 2130 grammatisch
1449 2092 1607 2129 unterge-

936 2136 1074 2167 ordnete
1101 2135 1182 2167 aber
1212 2135 1265 2166 die
1290 2134 1525 2177 Hauptpersou
1551 2134 1607 2167 be-

935 2181 1137 2214 zeichnende
1154 2181 1252 2213 Decio
1270 2182 1431 2221 bezogen,
1449 2180 1481 2220 4,
1502 2180 1555 2219 58,
1574 2181 1604 2212 4.

939 2246 976 2250 —
992 2227 1189 2258 castellatim
1202 2227 1300 2268 kann,
1314 2225 1393 2258 weil
1404 2225 1604 2266 cigentlichc

937 2270 1100 2315 Kastelle,
1123 2284 1149 2304 s.
1170 2275 1199 2315 5,
1217 2274 1246 2313 5,
1259 2275 1289 2313 5,
1310 2271 1401 2303 nicht
1416 2270 1606 2303 vox-handen

936 2328 1060 2360 waren,
1072 2319 1136 2359 vgl.
1149 2330 1175 2350 c.
1187 2320 1240 2359 34,
1254 2319 1303 2357 13,
1319 2328 1380 2349 nur
1390 2329 1419 2349 v.
1431 2316 1605 2348 einzelnen

936 2369 1148 2396 zerstreuten
1164 2364 1302 2402 Haufen,
1319 2362 1439 2394 Postea
1453 2366 1607 2394 vex-stan-

936 2411 997 2442 den
1022 2411 1168 2442 werden.
1203 2410 1249 2441 Da
1274 2409 1397 2451 jcdoch
1421 2408 1480 2439 das
1507 2407 1608 2440 Wort

936 2457 967 2487 in
999 2456 1174 2487 {ihnlicher
1204 2455 1395 2495 Bedeutung
1428 2464 1490 2485 nur
1524 2455 1607 2485 noch

937 2501 1022 2533 Plin.
1042 2500 1080 2533 N.
1102 2501 1137 2532 H.
1162 2501 1210 2542 19,
1231 2501 1260 2541 6,
1285 2500 1364 2533 112:
1388 2499 1608 2531 alium—ca-

937 2547 1090 2579 stellatim
1113 2547 1288 2588 grumulis
1312 2546 1435 2588 imponi
1449 2549 1511 2577 ete.
1530 2555 1608 2576 vor-

938 2594 1071 2631 kommt,
1101 2603 1137 2623 so
1163 2592 1248 2623 wird
1271 2593 1473 2630 catervatim,
1504 2601 1528 2622 s.
1551 2591 1605 2630 214,

937 2640 992 2679 41,
1012 2639 1042 2680 8,
1061 2638 1264 2671 vermuthet.
