1763 2983
90 176 107 196 ι.
137 167 187 194 ch.
209 167 269 195 ³10.
594 144 801 200 Lissnn'ix.
850 165 942 199 cAP.
967 167 1021 199 40.

90 269 298 310 instinctos
320 269 461 309 milites
483 269 522 308 in
543 269 735 321 proelium
758 269 876 308 ducit.
910 269 1046 308 dextro
1067 269 1148 321 ipse
1171 280 1294 308 cornu
1316 268 1506 316 consistit,

89 327 248 367 sinistro
271 326 457 378 praefecit
477 326 707 377 magistrum
721 325 919 377 equitum.
951 326 1069 365 simul
1092 330 1152 366 est
1173 338 1422 374 concursum,
1444 325 1509 365 in-

89 396 183 435 gens
205 383 281 422 fuit
300 396 389 423 cum
411 384 521 422 hoste
544 387 756 428 certamen,
787 393 868 421 non
898 382 1058 432 segnius
1087 382 1189 422 inter
1211 383 1440 422 dictatorem
1472 388 1510 422 et

89 440 323 491 magistrum
345 440 533 490 equitum,
555 439 602 478 ab
624 444 709 478 utra
730 444 840 490 parte
862 439 1021 478 victoria
1042 439 1246 491 inciperet.
1279 439 1387 491 prior
1406 442 1508 479 forte

89 497 224 536 Iunius
247 497 459 535 commovit
489 497 657 540 hostem,
688 496 794 534 laevo
824 496 1003 534 dextrum
1028 508 1163 544 cornu,
1195 500 1366 536 sacratos
1398 509 1509 536 more

90 553 328 594 Samnitium
350 553 494 592 milites
516 565 640 604 eoque
662 552 826 591 candida
844 556 951 591 veste
974 558 1012 590 et
1028 547 1186 603 paribus
1205 553 1373 592 candore
1390 554 1509 593 armis

89 610 271 660 insignes,
314 622 381 649 eos
409 622 450 648 se
473 610 574 649 Orco
603 615 775 648 mactare
804 609 939 648 Iunius
969 608 1164 655 dictitans,
1194 622 1283 648 eum
1312 609 1510 649 intulisset

89 667 208 717 signa,
238 666 407 705 turbavit
428 666 585 706 ordines
609 670 647 705 et
676 666 777 706 haud
806 665 922 705 dubie
949 665 1091 716 inpulit
1121 667 1254 705 aciem.
1306 667 1411 717 quod
1441 667 1508 706 uhi

90 723 213 764 sensit
234 723 417 762 dictator:
442 724 515 770 „ab
538 724 695 762 laevone
718 735 841 762 eornu
862 722 1022 761 victoria
1051 722 1241 774 incipiet“
1271 722 1411 773 inquit,
1443 730 1510 771 „et

90 781 270 820 dextrum
293 792 416 819 cornu
438 780 634 820 dictatoris
665 779 764 819 acies
792 779 957 818 alienam
987 791 1159 830 pugnam
1187 784 1396 831 sequetur,
1429 793 1509 819 non

88 842 240 890 partem
261 837 472 877 maximam
494 837 674 876 victoriae
697 835 877 876 trahet‘?“
910 836 1079 875 concitat
1108 836 1268 884 milites3
1299 848 1372 875 nec
1398 837 1508 888 pedi—

88 901 173 934 tum
194 894 327 933 virtuti
349 895 501 946 equites
525 899 591 933 aut
611 894 825 945 legatorum
848 893 975 932 studia
993 892 1156 932 ducibus
1175 894 1330 933 cedunt.
1364 893 1413 932 M.
1433 893 1508 933 Va—

89 951 206 991 lerius
228 964 248 990 a
270 951 421 997 dextro,
444 952 487 990 P.
509 951 648 990 Decius
677 951 723 990 ab
753 951 860 990 laevo
884 962 1019 997 cornu,
1051 949 1168 989 ambo
1199 951 1435 997 consulares,
1467 951 1514 990 ad

89 1008 241 1060 equites
263 1007 304 1046 in
325 1008 510 1048 cornibus
533 1007 684 1060 positos
706 1008 936 1053 evehuntur,
960 1007 1233 1059 adhortatique
1254 1020 1335 1055 eos,
1358 1012 1401 1047 ut
1422 1020 1514 1059 par-

88 1070 169 1104 tem
191 1077 324 1104 secum
348 1070 594 1116 capesserent
615 1064 777 1109 decoris,
801 1065 842 1103 in
862 1069 1084 1104 transversa
1104 1065 1223 1104 latera
1251 1065 1425 1104 hostium
1448 1064 1512 1104 in-

90 1126 266 1161 currunt.
305 1121 336 1161 is
358 1134 481 1161 novus
504 1122 657 1161 additus
679 1126 809 1160 terror
831 1133 919 1160 cum
943 1134 989 1160 ex
1010 1126 1119 1172 parte
1147 1126 1316 1173 utraque
1338 1122 1510 1161 circum-

91 1178 252 1217 vasisset
273 1178 406 1226 aciem,
429 1183 468 1218 et
488 1179 535 1217 ad
556 1183 750 1217 terrorem
771 1178 943 1217 hostium
965 1177 1136 1228 legiones
1153 1178 1357 1218 Romanae
1378 1178 1512 1218 redin-

1540 672 1580 704 10

1538 845 1573 879 11

1544 902 1580 933 12

1543 1127 1581 1159 13

89 1240 237 1286 tegrato
268 1235 436 1274 clamore
466 1235 692 1274 intulissent
721 1235 904 1285 gradum,
941 1238 1027 1273 tum
1057 1235 1149 1285 fuga
1186 1235 1233 1274 ab
1266 1235 1510 1274 Samnitibus
1542 1224 1545 1228 ⁴

91 1296 238 1342 coepta.
279 1291 357 1330 iarn
379 1296 505 1343 strage
526 1291 733 1331 hominum
754 1303 1036 1342 armorumque
1058 1290 1275 1341 insignium
1297 1291 1425 1343 campi
1445 1304 1510 1330 re·

90 1348 200 1400 pleri.
252 1361 295 1389 ac
321 1348 448 1399 primo
476 1348 639 1400 pavidos
668 1348 861 1387 Samnites
894 1352 1019 1386 castra
1047 1359 1116 1388 sua
1143 1360 1340 1399 accepere,
1373 1348 1513 1388 deinde

90 1416 141 1444 ne
162 1416 206 1443 ea
228 1404 385 1458 quidem
407 1409 577 1452 retenta3
609 1404 729 1456 captis
762 1404 1005 1456 direptisque
1035 1409 1127 1444 ante
1154 1410 1313 1444 noctem
1341 1404 1510 1445 iniectus

90 1461 200 1512 ignis.
234 1462 397 1501 dictator
418 1475 465 1501 ex
486 1465 647 1502 senatus
669 1461 849 1501 consulto
870 1460 1135 1513 triumphavit,
1168 1461 1280 1501 cuius
1310 1461 1510 1514 triumpho

90 1518 205 1568 longe
221 1517 431 1558 maximam
450 1518 619 1570 speciem
637 1518 784 1570 captiva
794 1530 908 1562 ‚arma
924 1517 1150 1570 praebuere.
1182 1523 1335 1558 tantum
1358 1518 1511 1570 magni-

92 1574 269 1615 ficentiae
291 1574 418 1615 visum
440 1575 480 1615 in
502 1574 559 1622 iis,
590 1580 634 1614 ut
655 1580 787 1614 aurata
808 1579 918 1614 scuta
941 1573 1111 1614 dominis
1134 1575 1443 1627 argentariarum
1465 1576 1512 1615 ad

140 1760 261 1792 7-14.
304 1760 440 1791 sinistro
470 1758 517 1791 ist
545 1758 659 1800 Dativ‚
689 1759 759 1800 vgl.

94 1804 148 1846 29,
167 1805 220 1846 34,
241 1804 275 1844 13
294 1804 355 1837 der
372 1814 455 1845 mag.
475 1803 579 1845 equit.
598 1802 764 1846 befehligt

96 1849 275 1882 diesesmal
298 1849 389 1881 nicht
417 1849 470 1880 die
488 1848 650 1890 Reiterei,
680 1860 706 1881 s.
734 1849 764 1890 8,

96 1895 218 1937 38,16;
238 1894 334 1936 4,27,
345 1896 374 1927 1.
391 1913 433 1917 —-—
444 1896 615 1926 certamen
627 1895 678 1927 bei
689 1905 765 1927 cum

93 1941 200 1972 hoste:
226 1936 363 1982 Kampf,
396 1939 450 1971 bei
474 1941 560 1972 inter
582 1939 657 1972 dict.
681 1944 764 1972 etc.:

97 1983 317 2028 Wettkampf.
341 2003 385 2007 —
406 1984 498 2025 Orco,
526 1984 589 2017 wie
617 1986 648 2026 S,
672 1985 702 2027 9,
728 1985 764 2017 8:

102 2029 236 2063 Telluri.
255 2049 298 2067 -,
316 2030 439 2073 inpulit
462 2029 662 2062 wiederholt
679 2040 766 2063 com-

96 2077 204 2118 movit,
223 2086 250 2107 c.
269 2075 323 2116 27,
342 2076 390 2108 10.
409 2094 451 2098 —-
469 2076 593 2116 trahet,
613 2087 641 2108 c.
656 2075 707 2116 19,
727 2077 764 2116 53

97 2121 128 2161 6,
142 2121 197 2162 40,
214 2121 348 2154 18mz‘sz·
361 2123 493 2162 partem
506 2120 642 2164 petendo
660 2123 767 2153 totam

97 2167 262 2199 traxeris.
290 2185 331 2189 -—
356 2166 513 2208 legator„
538 2166 592 2198 (lie
618 2166 767 2206 sogleich

97 2216 294 2254 genannten,
312 2222 337 2243 s.
351 2210 371 2253 ξ
386 2211 439 2253 21,
456 2211 583 2243 welche
597 2211 669 2243 sich
684 2213 768 2244 nach
790 2250 794 2253 ¹

98 2257 134 2289 L.
162 2258 246 2289 ohne
269 2257 478 2289 besonderen
502 2255 658 2298 Auftrag,
688 2257 769 2289 aber

100 2302 167 2333 wol
202 2312 268 2334 von
308 2303 379 2333 dem
403 2301 559 2333 Dictator
595 2302 677 2334 dazu
710 2302 769 2335 be-

101 2347 235 2389 stimmt,
260 2357 301 2379 an
326 2347 379 2378 die
396 2347 511 2389 Spitze
535 2348 594 2378 der
619 2346 769 2380 Reiterei

101 2393 236 2425 stellen.
262 2392 325 2424 Die
339 2392 399 2424 der
413 2392 584 2424 Samniten
598 2392 643 2424 ist
657 2394 722 2426 wie
738 2394 770 2434 7,

102 2439 154 2479 37,
173 2439 189 2468 7
215 2438 306 2470 nicht
328 2438 490 2470 erwahnt.
508 2456 553 2460 —
569 2437 715 2479 ducibus,
743 2449 768 2469 s.

103 2494 129 2514 c.
153 2483 203 2523 18,
224 2483 281 2515 11;
299 2483 445 2514 hominis
464 2488 540 2523 etc.,
565 2483 632 2524 vgl.
655 2484 686 2526 6,
719 2484 770 2524 12,

105 2528 156 2560 11.
175 2547 217 2551 —
236 2530 270 2559 in
288 2531 412 2560 transv.
436 2528 505 2568 lat„
530 2528 584 2560 ein
602 2529 771 2561 Flanken-

104 2573 235 2613 angriff.
253 2593 295 2597 —
312 2584 428 2615 novus,
446 2574 478 2605 in
496 2573 606 2615 Bezug
623 2574 684 2606 auf
697 2574 718 2617 ξ
735 2576 771 2607 9:

839 1759 973 1803 inpulit,
995 1759 1099 1803 und§
1128 1760 1184 1793 11:
1210 1762 1354 1793 concitat
1377 1766 1440 1794 etc.
1470 1780 1513 1785 -

839 1807 994 1848 exparte
1016 1807 1098 1847 atr„
1127 1805 1193 1838 wie
1218 1805 1238 1848 ᾖ
1259 1806 1315 1838 12:
1343 1816 1365 1838 a
1394 1805 1512 1840 (1οωίνο

839 1854 902 1882 etc.
920 1867 964 1873 —
981 1849 1027 1882 ad
1042 1853 1175 1893 terror„
1194 1862 1221 1883 c.
1240 1852 1295 1893 27,
1327 1853 1377 1885 11.
1398 1871 1440 1875 —
1457 1862 1513 1884 ac-

839 1905 961 1938 cepere,
980 1906 1006 1927 s.
1025 1896 1057 1935 4,
1077 1895 1130 1938 31,
1149 1896 1184 1928 3:
1203 1899 1316 1929 castra
1333 1916 1376 1920 —
1394 1898 1513 1930 turba-

839 1943 888 1972 tos
904 1950 1064 1985 accepere.

890 2031 1031 2064 15—16.
1063 2042 1107 2063 ez·
1123 2043 1190 2065 sen.
1209 2042 1235 2064 c.
1253 2031 1340 2064 wird
1357 2033 1514 2074 gewfflm-

841 2076 910 2108 lich
920 2076 1014 2108 nicht
1025 2076 1186 2109 erw'zihnt.
1196 2095 1240 2100 -
1248 2079 1421 2120 triumph„
1429 2079 1515 2110 nach

841 2122 903 2153 den
935 2120 1242 2164 Triumphalfasten
1267 2133 1298 2154 α.
1329 2122 1512 2156 CDXLIV.

842 2166 922 2198 [dib.
951 2166 1015 2199 Oct.
1042 2185 1086 2190 —
1110 2169 1254 2211 captiva,
1285 2178 1310 2199 s.
1341 2170 1368 2207 1,
1399 2169 1453 2208 53,
1485 2169 1514 2201 3.

841 2214 1013 2254 arg-entur.
1032 2224 1063 2244 n.
1082 2213 1362 2254 tabernarum,zu
1375 2214 1404 2254 1,
1419 2214 1472 2255 35,
1484 2214 1516 2254 9,

843 2256 902 2289 auf
931 2258 994 2289 den
1026 2258 1146 2290 beiden
1175 2258 1425 2299 Ltingenseiten
1458 2259 1515 2291 des

842 2302 976 2342 Forum,
997 2303 1049 2345 27,
1073 2304 1123 2343 11,
1145 2303 1202 2343 16;
1220 2304 1349 2336 Becker
1369 2305 1397 2345 1,
1416 2305 1481 2336 295
1492 2303 1514 2336 f.

844 2348 1008 2388 Obgleich
1038 2348 1090 2380 die
1120 2347 1243 2380 Ro'mer
1271 2349 1398 2381 damals
1433 2350 1514 2381 noch

845 2393 943 2426 keine
968 2392 1222 2426 Silbermiinzen
1246 2395 1399 2436 pr'agten,
1429 2405 1453 2426 s.
1483 2395 1515 2434 4,

844 2440 897 2479 60,
939 2439 975 2479 6,
1023 2449 1060 2471 so
1103 2438 1247 2471 konnten
1290 2440 1373 2472 doch
1414 2439 1515 2471 schon

846 2484 1027 2516 Wechsler
1056 2485 1089 2516 in
1107 2484 1188 2517 Rom
1213 2484 1283 2517 sein
1302 2485 1366 2516 und
1393 2495 1516 2526 argen-

845 2531 931 2562 tarii
954 2535 1099 2570 genannt
1124 2531 1272 2570 werden,
1302 2530 1342 2562 da
1366 2540 1424 2562 aus
1449 2529 1516 2563 Uu-

845 2575 1020 2607 teritalien
1040 2575 1105 2607 und
1124 2575 1285 2607 Etrurien
1304 2575 1426 2616 gewiss
1446 2575 1514 2607 viel

1544 1294 1583 1327 14

1544 1471 1584 1503 15

1544 1528 1582 1562 16
