1763 2983
102 211 126 229 n.
146 201 197 229 Ch.
217 201 276 229 342.
296 201 356 229 341.

102 317 204 350 esse,
227 315 299 343 nec
318 304 358 343 in
381 304 424 342 T.
443 303 597 350 Quincti
619 303 759 348 villam,
781 304 850 342 sed
872 304 912 342 in
933 304 1037 342 aedis
1061 303 1099 342 C.
1116 303 1233 342 Manli
1254 308 1367 342 nocte
1387 303 1512 354 impe-
1543 315 1562 345 4

595 200 721 234 LIBER
746 199 829 233 VIII.
868 201 960 234 CAP.
991 203 1019 234 1.

1435 201 1514 240 179

102 366 186 401 tum
206 363 365 406 factum,
391 373 561 412 eumque
581 373 603 399 a
624 360 833 400 coniuratis
856 362 1193 411 conprehensum,
1224 365 1265 399 ut
1287 361 1364 399 dux
1384 360 1514 405 fierem

102 418 193 457 inde
213 418 258 456 ad
282 422 465 469 quartum
486 417 650 468 lapidem
674 419 869 468 profectos
890 417 974 455 loco
997 417 1149 456 munito
1172 417 1413 459 consedisse.
1443 429 1516 456 nec
1546 430 1564 460 5

103 475 150 514 ab
172 473 336 513 ducibus
358 474 604 513 mentionem
626 473 858 513 concordiae
880 479 1025 519 ortam,
1056 475 1124 513 sed
1146 480 1329 526 repente,
1363 487 1452 514 cum
1474 474 1515 512 in

103 531 224 571 aciem
241 531 379 570 armati
396 531 588 570 exercitus
606 531 900 582 processissent,
917 531 1190 570 salutationem
1199 534 1352 578 factam,
1371 537 1410 570 et
1425 543 1514 583 pcr-
1546 542 1565 572 6

103 588 245 627 mixtos
267 588 422 627 dextras
443 589 604 640 iungere
633 601 677 627 ac
697 588 886 639 conplecti
908 588 1010 626 inter
1039 600 1081 626 se
1103 587 1350 627 lacrimantes
1378 589 1519 627 milites

105 645 293 696 coepisse,
325 650 557 697 coactosque
579 645 773 689 consules,
800 657 889 684 cum
912 644 1086 683 viderent
1120 656 1275 683 aversos
1307 658 1327 684 a
1357 646 1518 685 dimica-

102 702 210 742 tione
232 702 400 741 militum
423 702 587 749 animos,
610 702 806 741 rettulisse
828 702 875 740 ad
897 706 1026 753 patres
1049 701 1097 741 de
1114 702 1320 740 concordia
1341 703 1520 741 reconci—

103 759 243 798 lianda.
286 759 381 799 adeo
404 759 501 798 nihil
523 764 793 811 praeterquam
816 758 1052 797 seditionem
1079 758 1202 797 fuisse
1235 770 1399 810 eamque
1422 766 1517 797 con—

102 816 269 868 positam
290 816 392 856 inter
408 817 593 868 antiquos
612 829 745 855 rerum
762 821 939 855 auctores
957 821 1124 855 constat.
1143 839 1197 844 ——
1220 815 1268 853 Et
1286 816 1401 854 huius
1418 818 1517 854 fama
1549 824 1567 854 s

104 873 306 913 seditionis
325 879 363 912 et
379 878 606 925 susceptum
625 886 713 912 cum
731 873 974 912 Samnitibus
992 885 1105 924 grave
1120 872 1265 911 bellum
1285 873 1432 924 aliquot
1447 885 1519 923 po-

103 931 216 982 pulos
238 929 284 970 ab
307 932 483 970 Romana
505 931 685 970 societate
706 931 853 977 avertit,
876 936 914 969 et
935 935 1090 982 praeter
1106 930 1335 968 Latinorum
1355 930 1519 968 infidum

106 988 182 1027 iam
200 988 267 1027 diu
283 988 420 1027 foedus
433 988 679 1027 Privernates
703 988 819 1026 etiam
837 988 1006 1026 Norbam
1025 992 1142 1039 atque
1154 987 1312 1028 Setiam.
1334 986 1519 1025 finitimas

104 1046 275 1085 colonias
297 1045 504 1093 Romanas,
526 1045 753 1085 incursione
775 1044 902 1084 subita
925 1045 1146 1097 depopulati
1167 1049 1271 1083 sunt.

627 1341 1002 1393 T1T1L1vl

484 1445 560 1484 AB
607 1445 784 1485 URBE
829 1446 1146 1486 CONDITA

696 1547 930 1582 LIBERVIH.

1548 771 1564 779 ,-

219 1737 299 1777 Iam
321 1737 498 1778 consules
521 1743 633 1778 erant
654 1738 693 1777 C.
716 1738 890 1777 Plautius
914 1738 1054 1777 iterum
1076 1737 1119 1776 L.
1141 1738 1331 1777 Aemilius
1354 1737 1523 1778 Mamer·
1557 1739 1574 1776 l

107 1807 188 1840 cus,
211 1807 300 1834 cum
322 1796 443 1834 Setini
464 1796 712 1848 Norbanique
735 1796 900 1835 Romam
922 1796 1048 1835 nuntii
1070 1795 1298 1835 defectionis
1316 1796 1523 1835 Priverna-

107 1852 204 1891 tium
227 1865 314 1892 cum
337 1853 591 1905 querimoniis
612 1858 791 1905 acceptae
814 1853 931 1892 cladis
948 1858 1150 1892 venerunt.
1185 1853 1414 1892 Volscorum
1432 1853 1524 1892 item

111 1978 157 2011 acl
172 1989 281 2020 arma,
310 1980 362 2019 21,
382 1980 435 2021 24,
454 1980 490 2020 2;
520 1981 569 2021 10,
586 1981 640 2023 43,
662 1982 719 2013 13;
748 1983 779 2013 z'n

111 2025 237 2067 fugam
267 2029 534 2059 consternantur.
560 2045 603 2050 -—
632 2027 726 2059 aedis
749 2027 781 2058 in

113 2071 172 2102 der
192 2070 298 2103 Stadt.
324 2091 366 2094 —
396 2072 428 2104 C.
448 2071 570 2111 Manli,
595 2073 634 2104 0b
662 2084 700 2105 er
723 2074 784 2105 der

113 2118 147 2158 (3,
166 2117 207 2148 30
225 2122 390 2158 genannte
409 2128 489 2158 war,
508 2119 594 2150 la'sst
612 2119 684 2151 sich
701 2118 783 2150 eben

116 2172 152 2193 so
180 2163 287 2204 wenig
313 2164 549 2204 entscheiden,
577 2165 627 2196 als
656 2175 784 2196 warum

115 2217 188 2239 man
203 2209 326 2249 ger-ade
341 2210 435 2241 einen
446 2208 615 2242 Patricier
628 2221 701 2242 zum
716 2211 786 2241 An—

114 2252 229 2285 fiihrer
243 2254 393 2296 begehrt.
407 2274 450 2278 —
464 2255 610 2295 salutat„
624 2257 674 2288 als
691 2255 786 2288 Waf-

116 2296 306 2341 fenbriider,
325 2311 350 2332 s.
375 2303 401 2341 1,
424 2302 452 2341 1,
470 2301 554 2332 9.-
566 2304 654 2333 inter
671 2313 715 2341 se,
732 2302 785 2343 24,

121 2344 171 2384 16,
192 2345 246 2376 10:
272 2346 434 2389 compleri
449 2348 536 2378 inter
553 2359 599 2378 se.
625 2364 668 2370 ——
692 2347 786 2386 adeo,

118 2389 201 2431 also,
220 2391 333 2424 deutet
348 2392 498 2433 zugleich
508 2393 568 2424 den
578 2393 684 2424 hohen
696 2392 787 2425 Grad

119 2435 177 2467 der
204 2435 427 2479 Verwirrung
451 2439 516 2469 und
541 2438 788 2479 Ungeuisshcit

120 2490 172 2522 an,
190 2481 242 2513 die
260 2483 330 2514 also
349 2484 432 2515 auch
445 2484 535 2525 jetzt
553 2484 646 2523 noch,
664 2495 689 2516 S.
707 2487 738 2525 (5,
761 2486 787 2526 1,

119 2526 247 2559 dauert.
259 2528 392 2560 —m'lu‘l
404 2532 524 2572 praet„
543 2540 569 2562 s.
584 2530 615 2572 4,
630 2531 660 2571 4,
682 2530 732 2562 12.
746 2549 788 2552 —

121 2573 279 2614 antiquos,
301 2584 326 2606 s.
347 2575 378 2615 4,
397 2575 427 2615 7,
448 2576 499 2606 10.

166 2617 196 2649 S.
228 2621 260 2650 et
273 2629 324 2661 pr.
357 2620 554 2660 erkliirend3
574 2623 708 2663 praete)-
724 2620 789 2652 wie

856 1992 884 2013 c.
904 1981 956 2022 37,
969 1980 987 2011 6
998 1983 1279 2024 :praeterquam
1296 1980 1432 2023 qnod—
1443 1984 1527 2022 erat,

856 2038 917 2059 zur
934 2028 1038 2058 Sache
1057 2037 1083 2058 s.
1105 2038 1131 2058 c.
1152 2027 1204 2067 38,
1226 2028 1253 2058 1.
1268 2045 1309 2049 -
1325 2027 1436 2068 ·ιή]ῑ“ι].,
1457 2038 1483 2059 s.
1499 2029 1527 2067 5,

856 2074 887 2113 4,
916 2073 970 2112 133
997 2074 1027 2110 9,
1051 2073 1105 2109 45,
1131 2073 1161 2104 5.
1184 2091 1228 2095 ’-
1252 2074 1478 2109 Privernates,
1500 2084 1529 2103 c.

860 2120 911 2151 16.
936 2136 978 2141 —
1003 2117 1164 2157 Norbam,
1191 2118 1221 2157 2,
1247 2118 1299 2150 34.
1323 2137 1366 2142 —
1390 2119 1529 2155 Setiam,

858 2167 889 2205 ὕ,
908 2166 962 2195 30.
980 2182 1024 2186 —
1041 2163 1221 2206 Ronmnns,
1239 2164 1306 2204 vgl.
1326 2165 1355 2205 S,
1374 2164 1403 2205 3,
1422 2165 1452 2196 9.

906 2203 1015 2248 1—-2,
1043 2212 1071 2241 5.
1112 2208 1217 2249 Hrieg
1233 2210 1293 2241 mit
1318 2211 1378 2241 den
1397 2210 1531 2241 Priver-

859 2260 958 2287 naten
976 2255 1038 2286 und
1052 2255 1240 2295 Volskcrn3
1259 2254 1380 2288 Friedc
1394 2256 1454 2287 mit
1468 2257 1529 2287 den

860 2301 1042 2333 Samniten.

911 2346 1005 2380 1—3.
1033 2346 1200 2386 Plautius,
1216 2347 1312 2387 7,27.
1331 2346 1531 2384 lllmncrcns,

861 2394 892 2434 7,
915 2395 942 2433 1,
961 2392 992 2423 2.
1018 2410 1062 2415 —
1084 2392 1297 2434 defectionis,
1320 2393 1400 2424 weil
1424 2393 1474 2424 si(=
1495 2393 1530 2424 L.

861 2439 928 2470 seit
954 2438 982 2477 7,
1012 2439 1049 2470 1ss
1080 2438 1309 2470 unterworl'en
1339 2438 1464 2479 glanbt.
1490 2457 1533 2460 —

863 2484 1013 2516 l'olscor.
1035 2488 1110 2521 etc„
1136 2483 1220 2515 nach
1244 2485 1315 2515 dem
1334 2484 1532 2524 misslnnge-

864 2539 936 2569 ncn,
962 2530 992 2569 7,
1013 2529 1064 2567 27,
1091 2529 1143 2560 ein
1162 2539 1264 2561 ncuer
1284 2529 1434 2563 Vei-such
1457 2530 1533 2560 der-

865 2576 979 2606 selben
1005 2574 1076 2606 sich
1102 2585 1167 2606 von
1192 2574 1272 2606 Rom
1302 2586 1343 2606 zu
1372 2573 1531 2605 befreien.

864 2620 999 2652 Antium
1018 2621 1105 2651 steht
1124 2620 1187 2650 wie
1204 2619 1329 2659 friiher,
1347 2619 1473 2658 s.2,33‚
1492 2629 1530 2650 au

1176 2677 1249 2710 12*

1557 1855 1574 1870 ἢ
