<?xml version="1.0" encoding="UTF-8"?>
<!DOCTYPE html PUBLIC "-//W3C//DTD XHTML 1.0 Transitional//EN"
    "http://www.w3.org/TR/xhtml1/DTD/xhtml1-transitional.dtd">
<html xmlns="http://www.w3.org/1999/xhtml" xml:lang="en" lang="en">
 <head>
  <title>
</title>
<meta http-equiv="Content-Type" content="text/html;charset=utf-8" />
  <meta name='ocr-system' content='tesseract 3.04.00' />
  <meta name='ocr-capabilities' content='ocr_page ocr_carea ocr_par ocr_line ocrx_word'/>
</head>
<body>
  <div class='ocr_page' id='page_1' title='image "./aburbeconditalib0304livyuoft_0912.png"; bbox 0 0 1763 2983; ppageno 0'>
   <div class='ocr_carea' id='block_1_1' title="bbox 202 228 1148 271">
    <p class='ocr_par' dir='ltr' id='par_1_1' title="bbox 202 228 1148 271">
     <span class='ocr_line' id='line_1_1' title="bbox 202 228 1148 271; baseline -0.007 0"><span class='ocrx_word' id='word_1_1' title='bbox 202 228 285 271; x_wconf 80' lang='lat'>382</span> <span class='ocrx_word' id='word_1_2' title='bbox 669 228 795 262; x_wconf 82' lang='lat' dir='ltr'>LIBER</span> <span class='ocrx_word' id='word_1_3' title='bbox 818 228 945 262; x_wconf 77' lang='lat' dir='ltr'>xxm.</span> <span class='ocrx_word' id='word_1_4' title='bbox 978 229 1070 263; x_wconf 86' lang='lat' dir='ltr'>CAP.</span> <span class='ocrx_word' id='word_1_5' title='bbox 1095 232 1148 265; x_wconf 84' lang='lat'>46.</span> 
     </span>
    </p>
   </div>
   <div class='ocr_carea' id='block_1_2' title="bbox 138 331 1625 1405">
    <p class='ocr_par' dir='ltr' id='par_1_2' title="bbox 138 331 1625 1405">
     <span class='ocr_line' id='line_1_2' title="bbox 161 331 1624 386; baseline 0.004 -17"><span class='ocrx_word' id='word_1_6' title='bbox 161 335 183 367; x_wconf 81' lang='lat'>5</span> <span class='ocrx_word' id='word_1_7' title='bbox 201 332 242 371; x_wconf 91' lang='lat' dir='ltr'>in</span> <span class='ocrx_word' id='word_1_8' title='bbox 263 331 342 370; x_wconf 87' lang='lat' dir='ltr'>acie</span> <span class='ocrx_word' id='word_1_9' title='bbox 364 331 501 379; x_wconf 82' lang='lat' dir='ltr'>occisi3</span> <span class='ocrx_word' id='word_1_10' title='bbox 522 332 793 372; x_wconf 87' lang='lat' dir='ltr'>Romanorum</span> <span class='ocrx_word' id='word_1_11' title='bbox 817 333 946 372; x_wconf 90' lang='lat' dir='ltr'>minus</span> <span class='ocrx_word' id='word_1_12' title='bbox 964 334 1065 373; x_wconf 92' lang='lat' dir='ltr'>mille</span> <span class='ocrx_word' id='word_1_13' title='bbox 1075 334 1277 374; x_wconf 83' lang='lat' dir='ltr'>interfecti.</span> <span class='ocrx_word' id='word_1_14' title='bbox 1307 340 1510 386; x_wconf 82' lang='lat' dir='ltr'>posterum</span> <span class='ocrx_word' id='word_1_15' title='bbox 1522 335 1624 375; x_wconf 90' lang='lat' dir='ltr'>diem</span> 
     </span>
     <span class='ocr_line' id='line_1_3' title="bbox 200 388 1624 443; baseline 0.003 -16"><span class='ocrx_word' id='word_1_16' title='bbox 200 388 360 427; x_wconf 86' lang='lat' dir='ltr'>indutiis</span> <span class='ocrx_word' id='word_1_17' title='bbox 380 388 501 428; x_wconf 87' lang='lat' dir='ltr'>tacitis</span> <span class='ocrx_word' id='word_1_18' title='bbox 525 389 746 440; x_wconf 87' lang='lat' dir='ltr'>sepeliendo</span> <span class='ocrx_word' id='word_1_19' title='bbox 769 390 966 441; x_wconf 83' lang='lat' dir='ltr'><strong>utrimque</strong></span> <span class='ocrx_word' id='word_1_20' title='bbox 987 402 1119 430; x_wconf 88' lang='lat' dir='ltr'>caesos</span> <span class='ocrx_word' id='word_1_21' title='bbox 1139 391 1180 430; x_wconf 91' lang='lat' dir='ltr'>in</span> <span class='ocrx_word' id='word_1_22' title='bbox 1191 391 1270 430; x_wconf 89' lang='lat' dir='ltr'>acie</span> <span class='ocrx_word' id='word_1_23' title='bbox 1282 398 1624 443; x_wconf 87' lang='lat' dir='ltr'>consumpserunt.</span> 
     </span>
     <span class='ocr_line' id='line_1_4' title="bbox 162 445 1625 500; baseline 0.001 -14"><span class='ocrx_word' id='word_1_24' title='bbox 162 455 182 486; x_wconf 85' lang='grc'>6</span> <span class='ocrx_word' id='word_1_25' title='bbox 202 445 322 496; x_wconf 87' lang='lat' dir='ltr'>spolia</span> <span class='ocrx_word' id='word_1_26' title='bbox 353 445 524 484; x_wconf 88' lang='lat' dir='ltr'>hostium</span> <span class='ocrx_word' id='word_1_27' title='bbox 554 446 768 493; x_wconf 88' lang='lat' dir='ltr'>Marcellus,</span> <span class='ocrx_word' id='word_1_28' title='bbox 797 446 968 486; x_wconf 81' lang='lat' dir='ltr'>Vulcano</span> <span class='ocrx_word' id='word_1_29' title='bbox 991 453 1136 495; x_wconf 89' lang='lat' dir='ltr'>votum,</span> <span class='ocrx_word' id='word_1_30' title='bbox 1164 448 1358 488; x_wconf 88' lang='lat' dir='ltr'>cremavit.</span> <span class='ocrx_word' id='word_1_31' title='bbox 1401 449 1513 488; x_wconf 90' lang='lat' dir='ltr'>tertio</span> <span class='ocrx_word' id='word_1_32' title='bbox 1534 456 1625 500; x_wconf 91' lang='lat' dir='ltr'>post</span> 
     </span>
     <span class='ocr_line' id='line_1_5' title="bbox 203 502 1623 555; baseline 0.004 -16"><span class='ocrx_word' id='word_1_33' title='bbox 203 502 263 540; x_wconf 92' lang='lat' dir='ltr'>die</span> <span class='ocrx_word' id='word_1_34' title='bbox 284 524 339 528; x_wconf 90' lang='lat'><strong>—</strong></span> <span class='ocrx_word' id='word_1_35' title='bbox 362 502 411 540; x_wconf 90' lang='lat' dir='ltr'>ob</span> <span class='ocrx_word' id='word_1_36' title='bbox 442 502 551 549; x_wconf 89' lang='lat' dir='ltr'>iram,</span> <span class='ocrx_word' id='word_1_37' title='bbox 584 502 713 549; x_wconf 87' lang='lat' dir='ltr'>credo,</span> <span class='ocrx_word' id='word_1_38' title='bbox 743 503 910 554; x_wconf 79' lang='lat' dir='ltr'>aliquam</span> <span class='ocrx_word' id='word_1_39' title='bbox 932 509 996 542; x_wconf 87' lang='lat' dir='ltr'>aut</span> <span class='ocrx_word' id='word_1_40' title='bbox 1015 516 1124 555; x_wconf 89' lang='lat' dir='ltr'>spem</span> <span class='ocrx_word' id='word_1_41' title='bbox 1143 504 1373 544; x_wconf 83' lang='lat' dir='ltr'>liberalioris</span> <span class='ocrx_word' id='word_1_42' title='bbox 1394 505 1547 545; x_wconf 89' lang='lat' dir='ltr'>militiae</span> <span class='ocrx_word' id='word_1_43' title='bbox 1568 529 1623 533; x_wconf 92' lang='lat'><strong>—</strong></span> 
     </span>
     <span class='ocr_line' id='line_1_6' title="bbox 202 558 1622 613; baseline 0.003 -16"><span class='ocrx_word' id='word_1_44' title='bbox 202 558 359 597; x_wconf 89' lang='lat' dir='ltr'>ducenti</span> <span class='ocrx_word' id='word_1_45' title='bbox 388 559 627 610; x_wconf 75' lang='lat' dir='ltr'>septuaginta</span> <span class='ocrx_word' id='word_1_46' title='bbox 655 559 733 598; x_wconf 90' lang='lat' dir='ltr'>duo</span> <span class='ocrx_word' id='word_1_47' title='bbox 760 560 922 610; x_wconf 87' lang='lat' dir='ltr'>equites,</span> <span class='ocrx_word' id='word_1_48' title='bbox 954 560 1061 599; x_wconf 87' lang='lat' dir='ltr'>mixti</span> <span class='ocrx_word' id='word_1_49' title='bbox 1089 561 1278 600; x_wconf 89' lang='lat' dir='ltr'>Numidae</span> <span class='ocrx_word' id='word_1_50' title='bbox 1308 567 1344 601; x_wconf 75' lang='lat' dir='ltr'>et</span> <span class='ocrx_word' id='word_1_51' title='bbox 1372 562 1545 613; x_wconf 86' lang='lat' dir='ltr'>Hispani,</span> <span class='ocrx_word' id='word_1_52' title='bbox 1576 563 1622 601; x_wconf 88' lang='lat' dir='ltr'>ad</span> 
     </span>
     <span class='ocr_line' id='line_1_7' title="bbox 201 615 1621 669; baseline 0.003 -15"><span class='ocrx_word' id='word_1_53' title='bbox 201 615 425 655; x_wconf 87' lang='lat' dir='ltr'>Marcellum</span> <span class='ocrx_word' id='word_1_54' title='bbox 446 617 752 667; x_wconf 85' lang='lat' dir='ltr'>transfugerunt.</span> <span class='ocrx_word' id='word_1_55' title='bbox 783 628 921 655; x_wconf 89' lang='lat' dir='ltr'>eorum</span> <span class='ocrx_word' id='word_1_56' title='bbox 944 617 1035 656; x_wconf 90' lang='lat' dir='ltr'>forti</span> <span class='ocrx_word' id='word_1_57' title='bbox 1056 617 1236 668; x_wconf 89' lang='lat' dir='ltr'>fidelique</span> <span class='ocrx_word' id='word_1_58' title='bbox 1258 630 1376 669; x_wconf 90' lang='lat' dir='ltr'>opera</span> <span class='ocrx_word' id='word_1_59' title='bbox 1394 619 1434 657; x_wconf 93' lang='lat' dir='ltr'>in</span> <span class='ocrx_word' id='word_1_60' title='bbox 1455 631 1500 658; x_wconf 90' lang='lat' dir='ltr'>eo</span> <span class='ocrx_word' id='word_1_61' title='bbox 1521 619 1621 658; x_wconf 90' lang='lat' dir='ltr'>bello</span> 
     </span>
     <span class='ocr_line' id='line_1_8' title="bbox 163 672 1622 725; baseline 0.004 -16"><span class='ocrx_word' id='word_1_62' title='bbox 163 684 182 716; x_wconf 77' lang='lat'><strong>7</strong></span> <span class='ocrx_word' id='word_1_63' title='bbox 203 672 262 711; x_wconf 94' lang='lat' dir='ltr'>usi</span> <span class='ocrx_word' id='word_1_64' title='bbox 283 677 376 710; x_wconf 84' lang='lat' dir='ltr'>sunt</span> <span class='ocrx_word' id='word_1_65' title='bbox 398 685 511 723; x_wconf 84' lang='lat' dir='ltr'>saepe</span> <span class='ocrx_word' id='word_1_66' title='bbox 531 673 709 711; x_wconf 88' lang='lat' dir='ltr'>Romani.</span> <span class='ocrx_word' id='word_1_67' title='bbox 749 685 839 724; x_wconf 87' lang='lat' dir='ltr'>ager</span> <span class='ocrx_word' id='word_1_68' title='bbox 861 674 1042 724; x_wconf 86' lang='lat' dir='ltr'>Hispanis</span> <span class='ocrx_word' id='word_1_69' title='bbox 1063 674 1104 712; x_wconf 88' lang='lat' dir='ltr'>in</span> <span class='ocrx_word' id='word_1_70' title='bbox 1126 675 1308 725; x_wconf 82' lang='lat' dir='ltr'>Hispania</span> <span class='ocrx_word' id='word_1_71' title='bbox 1331 682 1368 714; x_wconf 86' lang='lat' dir='ltr'>et</span> <span class='ocrx_word' id='word_1_72' title='bbox 1382 676 1559 715; x_wconf 89' lang='lat' dir='ltr'>Numidis</span> <span class='ocrx_word' id='word_1_73' title='bbox 1581 676 1622 715; x_wconf 90' lang='lat' dir='ltr'>in</span> 
     </span>
     <span class='ocr_line' id='line_1_9' title="bbox 202 728 1191 779; baseline 0.002 -12"><span class='ocrx_word' id='word_1_74' title='bbox 202 729 331 767; x_wconf 88' lang='lat' dir='ltr'>Africa</span> <span class='ocrx_word' id='word_1_75' title='bbox 361 735 451 779; x_wconf 88' lang='lat' dir='ltr'>post</span> <span class='ocrx_word' id='word_1_76' title='bbox 480 728 625 767; x_wconf 86' lang='lat' dir='ltr'>bellum</span> <span class='ocrx_word' id='word_1_77' title='bbox 655 730 805 768; x_wconf 86' lang='lat' dir='ltr'>virtutis</span> <span class='ocrx_word' id='word_1_78' title='bbox 836 742 950 769; x_wconf 83' lang='lat' dir='ltr'>causa</span> <span class='ocrx_word' id='word_1_79' title='bbox 982 730 1092 769; x_wconf 88' lang='lat' dir='ltr'>datus</span> <span class='ocrx_word' id='word_1_80' title='bbox 1124 737 1191 769; x_wconf 85' lang='lat' dir='ltr'>est.</span> 
     </span>
     <span class='ocr_line' id='line_1_10' title="bbox 163 785 1622 839; baseline 0.001 -14"><span class='ocrx_word' id='word_1_81' title='bbox 163 793 182 825; x_wconf 83' lang='lat'>8</span> <span class='ocrx_word' id='word_1_82' title='bbox 316 785 507 824; x_wconf 84' lang='lat' dir='ltr'>Hannibal</span> <span class='ocrx_word' id='word_1_83' title='bbox 526 785 571 824; x_wconf 86' lang='lat' dir='ltr'>ab</span> <span class='ocrx_word' id='word_1_84' title='bbox 595 786 690 825; x_wconf 89' lang='lat' dir='ltr'>Nola</span> <span class='ocrx_word' id='word_1_85' title='bbox 709 787 872 825; x_wconf 88' lang='lat' dir='ltr'>remisso</span> <span class='ocrx_word' id='word_1_86' title='bbox 895 787 935 825; x_wconf 91' lang='lat' dir='ltr'>in</span> <span class='ocrx_word' id='word_1_87' title='bbox 957 787 1127 826; x_wconf 85' lang='lat' dir='ltr'>Bruttios</span> <span class='ocrx_word' id='word_1_88' title='bbox 1150 788 1342 827; x_wconf 86' lang='lat' dir='ltr'>Hannone</span> <span class='ocrx_word' id='word_1_89' title='bbox 1366 800 1456 826; x_wconf 91' lang='lat' dir='ltr'>cum</span> <span class='ocrx_word' id='word_1_90' title='bbox 1479 788 1622 839; x_wconf 88' lang='lat' dir='ltr'>quibus</span> 
     </span>
     <span class='ocr_line' id='line_1_11' title="bbox 203 843 1621 896; baseline 0.003 -16"><span class='ocrx_word' id='word_1_91' title='bbox 203 848 361 881; x_wconf 79' lang='lat' dir='ltr'>venerat</span> <span class='ocrx_word' id='word_1_92' title='bbox 383 843 504 893; x_wconf 89' lang='lat' dir='ltr'>copiis</span> <span class='ocrx_word' id='word_1_93' title='bbox 524 843 606 894; x_wconf 90' lang='lat' dir='ltr'>ipse</span> <span class='ocrx_word' id='word_1_94' title='bbox 628 843 787 893; x_wconf 87' lang='lat' dir='ltr'>Apuliae</span> <span class='ocrx_word' id='word_1_95' title='bbox 808 843 970 882; x_wconf 88' lang='lat' dir='ltr'>hiberna</span> <span class='ocrx_word' id='word_1_96' title='bbox 1004 844 1098 894; x_wconf 86' lang='lat' dir='ltr'>petit</span> <span class='ocrx_word' id='word_1_97' title='bbox 1127 845 1306 895; x_wconf 86' lang='lat' dir='ltr'>circaque</span> <span class='ocrx_word' id='word_1_98' title='bbox 1325 845 1451 896; x_wconf 83' lang='lat' dir='ltr'>Arpos</span> <span class='ocrx_word' id='word_1_99' title='bbox 1481 857 1621 884; x_wconf 89' lang='lat' dir='ltr'>conse—</span> 
     </span>
     <span class='ocr_line' id='line_1_12' title="bbox 162 899 1620 951; baseline 0.002 -14"><span class='ocrx_word' id='word_1_100' title='bbox 162 909 182 942; x_wconf 77' lang='grc'><strong>9</strong></span> <span class='ocrx_word' id='word_1_101' title='bbox 202 899 266 937; x_wconf 86' lang='lat' dir='ltr'>dit.</span> <span class='ocrx_word' id='word_1_102' title='bbox 298 900 342 946; x_wconf 86' lang='lat' dir='ltr'>Q.</span> <span class='ocrx_word' id='word_1_103' title='bbox 367 899 508 938; x_wconf 86' lang='lat' dir='ltr'>Fabius</span> <span class='ocrx_word' id='word_1_104' title='bbox 533 905 575 938; x_wconf 91' lang='lat' dir='ltr'>ut</span> <span class='ocrx_word' id='word_1_105' title='bbox 596 901 817 950; x_wconf 88' lang='lat' dir='ltr'>profectum</span> <span class='ocrx_word' id='word_1_106' title='bbox 836 900 876 939; x_wconf 92' lang='lat' dir='ltr'>in</span> <span class='ocrx_word' id='word_1_107' title='bbox 888 900 1068 951; x_wconf 86' lang='lat' dir='ltr'>Apuliam</span> <span class='ocrx_word' id='word_1_108' title='bbox 1080 901 1335 940; x_wconf 81' lang='lat' dir='ltr'>Hannibalem</span> <span class='ocrx_word' id='word_1_109' title='bbox 1356 901 1511 949; x_wconf 87' lang='lat' dir='ltr'>audivit,</span> <span class='ocrx_word' id='word_1_110' title='bbox 1534 903 1620 940; x_wconf 88' lang='lat' dir='ltr'>fru-</span> 
     </span>
     <span class='ocr_line' id='line_1_13' title="bbox 202 955 1622 1010; baseline 0.003 -17"><span class='ocrx_word' id='word_1_111' title='bbox 202 961 334 994; x_wconf 85' lang='lat' dir='ltr'>mento</span> <span class='ocrx_word' id='word_1_112' title='bbox 374 955 420 994; x_wconf 88' lang='lat' dir='ltr'>ab</span> <span class='ocrx_word' id='word_1_113' title='bbox 449 956 544 995; x_wconf 86' lang='lat' dir='ltr'>Nola</span> <span class='ocrx_word' id='word_1_114' title='bbox 575 957 813 1007; x_wconf 88' lang='lat' dir='ltr'>Neapolique</span> <span class='ocrx_word' id='word_1_115' title='bbox 836 957 877 995; x_wconf 92' lang='lat' dir='ltr'>in</span> <span class='ocrx_word' id='word_1_116' title='bbox 904 969 946 995; x_wconf 90' lang='lat' dir='ltr'>ea</span> <span class='ocrx_word' id='word_1_117' title='bbox 974 963 1096 995; x_wconf 88' lang='lat' dir='ltr'>castra</span> <span class='ocrx_word' id='word_1_118' title='bbox 1125 963 1333 1005; x_wconf 79' lang='lat' dir='ltr'>convecto,</span> <span class='ocrx_word' id='word_1_119' title='bbox 1373 970 1471 1009; x_wconf 89' lang='lat' dir='ltr'>quae</span> <span class='ocrx_word' id='word_1_120' title='bbox 1502 970 1622 1010; x_wconf 84' lang='lat' dir='ltr'>super</span> 
     </span>
     <span class='ocr_line' id='line_1_14' title="bbox 200 1013 1623 1065; baseline 0.001 -14"><span class='ocrx_word' id='word_1_121' title='bbox 200 1013 424 1052; x_wconf 88' lang='lat' dir='ltr'>Suessulam</span> <span class='ocrx_word' id='word_1_122' title='bbox 447 1019 566 1059; x_wconf 82' lang='lat' dir='ltr'>erant,</span> <span class='ocrx_word' id='word_1_123' title='bbox 598 1013 929 1064; x_wconf 86' lang='lat' dir='ltr'>munimentisque</span> <span class='ocrx_word' id='word_1_124' title='bbox 950 1013 1110 1052; x_wconf 88' lang='lat' dir='ltr'>firmatis</span> <span class='ocrx_word' id='word_1_125' title='bbox 1133 1019 1169 1052; x_wconf 88' lang='lat' dir='ltr'>et</span> <span class='ocrx_word' id='word_1_126' title='bbox 1186 1015 1390 1065; x_wconf 88' lang='lat' dir='ltr'>praesidio,</span> <span class='ocrx_word' id='word_1_127' title='bbox 1421 1015 1527 1065; x_wconf 91' lang='lat' dir='ltr'>quod</span> <span class='ocrx_word' id='word_1_128' title='bbox 1553 1026 1623 1065; x_wconf 87' lang='lat' dir='ltr'>per</span> 
     </span>
     <span class='ocr_line' id='line_1_15' title="bbox 200 1069 1621 1122; baseline 0.002 -15"><span class='ocrx_word' id='word_1_129' title='bbox 200 1069 362 1108; x_wconf 85' lang='lat' dir='ltr'>hiberna</span> <span class='ocrx_word' id='word_1_130' title='bbox 394 1070 440 1108; x_wconf 85' lang='lat' dir='ltr'>ad</span> <span class='ocrx_word' id='word_1_131' title='bbox 473 1069 730 1108; x_wconf 89' lang='lat' dir='ltr'>obtinendum</span> <span class='ocrx_word' id='word_1_132' title='bbox 755 1070 886 1108; x_wconf 90' lang='lat' dir='ltr'>locum</span> <span class='ocrx_word' id='word_1_133' title='bbox 917 1069 1005 1108; x_wconf 87' lang='lat' dir='ltr'>satis</span> <span class='ocrx_word' id='word_1_134' title='bbox 1035 1075 1146 1117; x_wconf 87' lang='lat' dir='ltr'>esset,</span> <span class='ocrx_word' id='word_1_135' title='bbox 1176 1070 1308 1109; x_wconf 90' lang='lat' dir='ltr'>relicto</span> <span class='ocrx_word' id='word_1_136' title='bbox 1338 1071 1421 1121; x_wconf 87' lang='lat' dir='ltr'>ipse</span> <span class='ocrx_word' id='word_1_137' title='bbox 1452 1071 1621 1122; x_wconf 88' lang='lat' dir='ltr'>Capuam</span> 
     </span>
     <span class='ocr_line' id='line_1_16' title="bbox 199 1126 1622 1179; baseline 0.001 -15"><span class='ocrx_word' id='word_1_138' title='bbox 199 1126 361 1177; x_wconf 87' lang='lat' dir='ltr'>propius</span> <span class='ocrx_word' id='word_1_139' title='bbox 383 1126 504 1164; x_wconf 88' lang='lat' dir='ltr'>movit</span> <span class='ocrx_word' id='word_1_140' title='bbox 526 1131 648 1165; x_wconf 85' lang='lat' dir='ltr'>castra</span> <span class='ocrx_word' id='word_1_141' title='bbox 670 1138 884 1177; x_wconf 78' lang='lat' dir='ltr'>agrumque</span> <span class='ocrx_word' id='word_1_142' title='bbox 907 1126 1146 1177; x_wconf 83' lang='lat' dir='ltr'>Campanum</span> <span class='ocrx_word' id='word_1_143' title='bbox 1171 1129 1274 1165; x_wconf 87' lang='lat' dir='ltr'>ferro</span> <span class='ocrx_word' id='word_1_144' title='bbox 1296 1127 1454 1179; x_wconf 84' lang='lat' dir='ltr'>ignique</span> <span class='ocrx_word' id='word_1_145' title='bbox 1475 1134 1532 1166; x_wconf 86' lang='lat' dir='ltr'>est</span> <span class='ocrx_word' id='word_1_146' title='bbox 1552 1127 1622 1166; x_wconf 92' lang='lat' dir='ltr'>de—</span> 
     </span>
     <span class='ocr_line' id='line_1_17' title="bbox 138 1182 1621 1234; baseline 0.002 -14"><span class='ocrx_word' id='word_1_147' title='bbox 138 1187 182 1220; x_wconf 86' lang='grc'>10</span> <span class='ocrx_word' id='word_1_148' title='bbox 200 1183 420 1233; x_wconf 87' lang='lat' dir='ltr'>populatus,</span> <span class='ocrx_word' id='word_1_149' title='bbox 452 1182 577 1221; x_wconf 87' lang='lat' dir='ltr'>donec</span> <span class='ocrx_word' id='word_1_150' title='bbox 607 1183 727 1222; x_wconf 84' lang='lat' dir='ltr'>coacti</span> <span class='ocrx_word' id='word_1_151' title='bbox 758 1190 850 1222; x_wconf 89' lang='lat' dir='ltr'>sunt</span> <span class='ocrx_word' id='word_1_152' title='bbox 880 1183 1074 1234; x_wconf 88' lang='lat' dir='ltr'>Campani,</span> <span class='ocrx_word' id='word_1_153' title='bbox 1107 1184 1200 1222; x_wconf 91' lang='lat' dir='ltr'>nihil</span> <span class='ocrx_word' id='word_1_154' title='bbox 1230 1184 1443 1223; x_wconf 84' lang='lat' dir='ltr'>admodum</span> <span class='ocrx_word' id='word_1_155' title='bbox 1473 1183 1621 1223; x_wconf 86' lang='lat' dir='ltr'>viribus</span> 
     </span>
     <span class='ocr_line' id='line_1_18' title="bbox 200 1239 1620 1292; baseline 0.001 -14"><span class='ocrx_word' id='word_1_156' title='bbox 200 1239 280 1278; x_wconf 82' lang='lat' dir='ltr'>suis</span> <span class='ocrx_word' id='word_1_157' title='bbox 311 1239 485 1287; x_wconf 86' lang='lat' dir='ltr'>fidentes,</span> <span class='ocrx_word' id='word_1_158' title='bbox 516 1239 646 1290; x_wconf 80' lang='lat' dir='ltr'>egredi</span> <span class='ocrx_word' id='word_1_159' title='bbox 675 1240 797 1290; x_wconf 87' lang='lat' dir='ltr'>portis</span> <span class='ocrx_word' id='word_1_160' title='bbox 829 1247 865 1279; x_wconf 89' lang='lat' dir='ltr'>et</span> <span class='ocrx_word' id='word_1_161' title='bbox 886 1246 1007 1278; x_wconf 84' lang='lat' dir='ltr'>castra</span> <span class='ocrx_word' id='word_1_162' title='bbox 1029 1245 1115 1279; x_wconf 88' lang='lat' dir='ltr'>ante</span> <span class='ocrx_word' id='word_1_163' title='bbox 1138 1240 1275 1279; x_wconf 88' lang='lat' dir='ltr'>urbem</span> <span class='ocrx_word' id='word_1_164' title='bbox 1294 1241 1335 1279; x_wconf 90' lang='lat' dir='ltr'>in</span> <span class='ocrx_word' id='word_1_165' title='bbox 1355 1247 1487 1292; x_wconf 88' lang='lat' dir='ltr'>aperto</span> <span class='ocrx_word' id='word_1_166' title='bbox 1510 1253 1620 1280; x_wconf 91' lang='lat' dir='ltr'>com-</span> 
     </span>
     <span class='ocr_line' id='line_1_19' title="bbox 141 1296 1621 1348; baseline 0.001 -14"><span class='ocrx_word' id='word_1_167' title='bbox 141 1296 179 1328; x_wconf 92' lang='grc'>11</span> <span class='ocrx_word' id='word_1_168' title='bbox 201 1296 367 1335; x_wconf 89' lang='lat' dir='ltr'>munire.</span> <span class='ocrx_word' id='word_1_169' title='bbox 408 1308 476 1334; x_wconf 78' lang='lat' dir='ltr'>sex</span> <span class='ocrx_word' id='word_1_170' title='bbox 499 1296 600 1335; x_wconf 86' lang='lat' dir='ltr'>milia</span> <span class='ocrx_word' id='word_1_171' title='bbox 619 1303 859 1335; x_wconf 86' lang='lat' dir='ltr'>armatorum</span> <span class='ocrx_word' id='word_1_172' title='bbox 883 1296 1086 1344; x_wconf 84' lang='lat' dir='ltr'>habebant,</span> <span class='ocrx_word' id='word_1_173' title='bbox 1107 1297 1276 1348; x_wconf 82' lang='lat' dir='ltr'>peditem</span> <span class='ocrx_word' id='word_1_174' title='bbox 1295 1297 1487 1345; x_wconf 87' lang='lat' dir='ltr'>inbellem,</span> <span class='ocrx_word' id='word_1_175' title='bbox 1509 1297 1621 1348; x_wconf 83' lang='lat' dir='ltr'>equi—</span> 
     </span>
     <span class='ocr_line' id='line_1_20' title="bbox 198 1353 1620 1405; baseline 0.002 -14"><span class='ocrx_word' id='word_1_176' title='bbox 198 1359 278 1392; x_wconf 86' lang='lat' dir='ltr'>tatu</span> <span class='ocrx_word' id='word_1_177' title='bbox 300 1353 386 1404; x_wconf 89' lang='lat' dir='ltr'>plus</span> <span class='ocrx_word' id='word_1_178' title='bbox 407 1359 605 1404; x_wconf 83' lang='lat' dir='ltr'>poterant:</span> <span class='ocrx_word' id='word_1_179' title='bbox 627 1353 757 1404; x_wconf 89' lang='lat' dir='ltr'>itaque</span> <span class='ocrx_word' id='word_1_180' title='bbox 778 1354 1026 1404; x_wconf 85' lang='lat' dir='ltr'>equestribus</span> <span class='ocrx_word' id='word_1_181' title='bbox 1045 1354 1620 1405; x_wconf 84' lang='lat' dir='ltr'>proeliislacessebanthostem.</span> 
     </span>
    </p>
   </div>
   <div class='ocr_carea' id='block_1_3' title="bbox 198 1475 877 2706">
    <p class='ocr_par' dir='ltr' id='par_1_3' title="bbox 198 1475 877 2706">
     <span class='ocr_line' id='line_1_21' title="bbox 200 1475 877 1517; baseline 0.003 -11"><span class='ocrx_word' id='word_1_182' title='bbox 200 1486 317 1517; x_wconf 81' lang='lat' dir='ltr'>wegen</span> <span class='ocrx_word' id='word_1_183' title='bbox 353 1477 408 1507; x_wconf 86' lang='lat' dir='ltr'>des</span> <span class='ocrx_word' id='word_1_184' title='bbox 435 1475 658 1517; x_wconf 79' lang='lat' dir='ltr'>Gegensatzes</span> <span class='ocrx_word' id='word_1_185' title='bbox 695 1487 732 1507; x_wconf 88' lang='lat' dir='ltr'>zu</span> <span class='ocrx_word' id='word_1_186' title='bbox 760 1479 877 1509; x_wconf 79' lang='lat' dir='ltr'>Roma-</span> 
     </span>
     <span class='ocr_line' id='line_1_22' title="bbox 199 1521 877 1563; baseline 0 -10"><span class='ocrx_word' id='word_1_187' title='bbox 199 1533 324 1554; x_wconf 69' lang='lat' dir='ltr'>norum.</span> <span class='ocrx_word' id='word_1_188' title='bbox 347 1539 382 1544; x_wconf 83' lang='lat'><em>-</em></span> <span class='ocrx_word' id='word_1_189' title='bbox 406 1524 508 1554; x_wconf 64' lang='lat' dir='ltr'>indat.</span> <span class='ocrx_word' id='word_1_190' title='bbox 534 1528 592 1553; x_wconf 78' lang='lat' dir='ltr'>tae.</span> <span class='ocrx_word' id='word_1_191' title='bbox 619 1526 681 1554; x_wconf 81' lang='lat' dir='ltr'>etc.</span> <span class='ocrx_word' id='word_1_192' title='bbox 709 1522 790 1563; x_wconf 88' lang='lat' dir='ltr'>„der</span> <span class='ocrx_word' id='word_1_193' title='bbox 806 1521 877 1563; x_wconf 80' lang='lat' dir='ltr'>Tag</span> 
     </span>
     <span class='ocr_line' id='line_1_23' title="bbox 200 1567 876 1609; baseline 0 -10"><span class='ocrx_word' id='word_1_194' title='bbox 200 1567 362 1608; x_wconf 78' lang='lat' dir='ltr'>vergieng</span> <span class='ocrx_word' id='word_1_195' title='bbox 379 1567 410 1598; x_wconf 89' lang='lat' dir='ltr'>in</span> <span class='ocrx_word' id='word_1_196' title='bbox 425 1567 759 1609; x_wconf 81' lang='lat' dir='ltr'>stillschweigeudem</span> <span class='ocrx_word' id='word_1_197' title='bbox 775 1567 876 1600; x_wconf 74' lang='lat' dir='ltr'>waf-</span> 
     </span>
     <span class='ocr_line' id='line_1_24' title="bbox 200 1612 876 1654; baseline 0.004 -10"><span class='ocrx_word' id='word_1_198' title='bbox 200 1612 428 1645; x_wconf 85' lang='lat' dir='ltr'>fenstillstand</span> <span class='ocrx_word' id='word_1_199' title='bbox 454 1614 535 1644; x_wconf 86' lang='lat' dir='ltr'>iiber</span> <span class='ocrx_word' id='word_1_200' title='bbox 552 1613 623 1645; x_wconf 86' lang='lat' dir='ltr'>dem</span> <span class='ocrx_word' id='word_1_201' title='bbox 643 1613 876 1654; x_wconf 52' lang='lat' dir='ltr'>Begriihniss‘.</span> 
     </span>
     <span class='ocr_line' id='line_1_25' title="bbox 198 1657 875 1700; baseline 0.003 -10"><span class='ocrx_word' id='word_1_202' title='bbox 198 1658 356 1700; x_wconf 70' lang='lat' dir='ltr'>Nagelsb.</span> <span class='ocrx_word' id='word_1_203' title='bbox 383 1657 403 1700; x_wconf 64' lang='grc' dir='ltr'>ξ</span> <span class='ocrx_word' id='word_1_204' title='bbox 433 1660 486 1692; x_wconf 86' lang='grc'>32.</span> <span class='ocrx_word' id='word_1_205' title='bbox 535 1658 642 1691; x_wconf 87' lang='lat' dir='ltr'>Ueber</span> <span class='ocrx_word' id='word_1_206' title='bbox 657 1662 768 1692; x_wconf 76' lang='lat' dir='ltr'>tacitae</span> <span class='ocrx_word' id='word_1_207' title='bbox 793 1670 817 1690; x_wconf 88' lang='lat' dir='ltr'>s.</span> <span class='ocrx_word' id='word_1_208' title='bbox 845 1661 875 1696; x_wconf 89' lang='lat'>2,</span> 
     </span>
     <span class='ocr_line' id='line_1_26' title="bbox 203 1704 876 1747; baseline -0.001 -10"><span class='ocrx_word' id='word_1_209' title='bbox 203 1706 253 1744; x_wconf 72' lang='lat'>18,</span> <span class='ocrx_word' id='word_1_210' title='bbox 284 1706 340 1743; x_wconf 72' lang='lat'>113</span> <span class='ocrx_word' id='word_1_211' title='bbox 366 1705 447 1736; x_wconf 84' lang='lat' dir='ltr'>iiber</span> <span class='ocrx_word' id='word_1_212' title='bbox 472 1704 524 1736; x_wconf 81' lang='lat' dir='ltr'>die</span> <span class='ocrx_word' id='word_1_213' title='bbox 551 1704 670 1747; x_wconf 87' lang='lat' dir='ltr'>Appos.</span> <span class='ocrx_word' id='word_1_214' title='bbox 703 1708 876 1745; x_wconf 64' lang='lat' dir='ltr'>sepeliendo</span> 
     </span>
     <span class='ocr_line' id='line_1_27' title="bbox 202 1752 875 1791; baseline -0.001 -8"><span class='ocrx_word' id='word_1_215' title='bbox 202 1752 256 1791; x_wconf 87' lang='lat'>22,</span> <span class='ocrx_word' id='word_1_216' title='bbox 277 1752 308 1790; x_wconf 82' lang='lat'>8,</span> <span class='ocrx_word' id='word_1_217' title='bbox 337 1753 375 1784; x_wconf 84' lang='lat'>5:</span> <span class='ocrx_word' id='word_1_218' title='bbox 401 1753 582 1783; x_wconf 75' lang='lat' dir='ltr'>dictatorem</span> <span class='ocrx_word' id='word_1_219' title='bbox 603 1754 778 1783; x_wconf 74' lang='lat' dir='ltr'>dicendum.</span> <span class='ocrx_word' id='word_1_220' title='bbox 804 1762 875 1782; x_wconf 72' lang='lat' dir='ltr'>eon-</span> 
     </span>
     <span class='ocr_line' id='line_1_28' title="bbox 198 1796 877 1837; baseline 0 -9"><span class='ocrx_word' id='word_1_221' title='bbox 198 1807 320 1828; x_wconf 80' lang='lat' dir='ltr'>sumere</span> <span class='ocrx_word' id='word_1_222' title='bbox 354 1796 493 1827; x_wconf 84' lang='lat' dir='ltr'>braucht</span> <span class='ocrx_word' id='word_1_223' title='bbox 518 1796 553 1828; x_wconf 94' lang='lat' dir='ltr'>L.</span> <span class='ocrx_word' id='word_1_224' title='bbox 586 1796 793 1837; x_wconf 76' lang='lat' dir='ltr'>gewo&#39;hnlich</span> <span class='ocrx_word' id='word_1_225' title='bbox 817 1797 877 1828; x_wconf 85' lang='lat' dir='ltr'>mit</span> 
     </span>
     <span class='ocr_line' id='line_1_29' title="bbox 200 1841 874 1881; baseline 0.001 -9"><span class='ocrx_word' id='word_1_226' title='bbox 200 1841 271 1873; x_wconf 89' lang='lat' dir='ltr'>dem</span> <span class='ocrx_word' id='word_1_227' title='bbox 296 1841 419 1881; x_wconf 84' lang='lat' dir='ltr'>Ablat.,</span> <span class='ocrx_word' id='word_1_228' title='bbox 446 1841 562 1873; x_wconf 87' lang='lat' dir='ltr'>Cicero</span> <span class='ocrx_word' id='word_1_229' title='bbox 590 1842 708 1880; x_wconf 76' lang='lat' dir='ltr'>seiten,</span> <span class='ocrx_word' id='word_1_230' title='bbox 735 1853 759 1874; x_wconf 87' lang='lat' dir='ltr'>s.</span> <span class='ocrx_word' id='word_1_231' title='bbox 784 1841 874 1874; x_wconf 83' lang='lat' dir='ltr'>Fam.</span> 
     </span>
     <span class='ocr_line' id='line_1_30' title="bbox 204 1888 876 1929; baseline 0 -9"><span class='ocrx_word' id='word_1_232' title='bbox 204 1889 254 1929; x_wconf 82' lang='lat'>11,</span> <span class='ocrx_word' id='word_1_233' title='bbox 273 1889 327 1929; x_wconf 79' lang='lat'>27,</span> <span class='ocrx_word' id='word_1_234' title='bbox 344 1889 373 1928; x_wconf 81' lang='lat'>5,</span> <span class='ocrx_word' id='word_1_235' title='bbox 392 1888 669 1928; x_wconf 78' lang='lat' dir='ltr'>gewo&#39;hnlichmit</span> <span class='ocrx_word' id='word_1_236' title='bbox 679 1892 723 1920; x_wconf 65' lang='lat' dir='ltr'>in.</span> <span class='ocrx_word' id='word_1_237' title='bbox 740 1906 783 1910; x_wconf 88' lang='lat'>-—</span> <span class='ocrx_word' id='word_1_238' title='bbox 799 1890 876 1920; x_wconf 73' lang='lat' dir='ltr'><em>Vul-</em></span> 
     </span>
     <span class='ocr_line' id='line_1_31' title="bbox 198 1932 875 1975; baseline -0.001 -9"><span class='ocrx_word' id='word_1_239' title='bbox 198 1944 276 1966; x_wconf 76' lang='lat' dir='ltr'>ecmo</span> <span class='ocrx_word' id='word_1_240' title='bbox 290 1940 349 1966; x_wconf 77' lang='lat' dir='ltr'>vot.</span> <span class='ocrx_word' id='word_1_241' title='bbox 364 1932 407 1964; x_wconf 82' lang='lat' dir='ltr'>ist</span> <span class='ocrx_word' id='word_1_242' title='bbox 422 1932 616 1975; x_wconf 84' lang='lat' dir='ltr'>Apposition</span> <span class='ocrx_word' id='word_1_243' title='bbox 634 1945 674 1965; x_wconf 90' lang='lat' dir='ltr'>zu</span> <span class='ocrx_word' id='word_1_244' title='bbox 693 1934 764 1965; x_wconf 89' lang='lat' dir='ltr'>dem</span> <span class='ocrx_word' id='word_1_245' title='bbox 777 1933 875 1965; x_wconf 82' lang='lat' dir='ltr'>Satze</span> 
     </span>
     <span class='ocr_line' id='line_1_32' title="bbox 200 1978 876 2020; baseline 0 -10"><span class='ocrx_word' id='word_1_246' title='bbox 200 1981 300 2018; x_wconf 69' lang='lat' dir='ltr'>spolia</span> <span class='ocrx_word' id='word_1_247' title='bbox 325 1982 483 2020; x_wconf 68' lang='lat' dir='ltr'>cremavit,</span> <span class='ocrx_word' id='word_1_248' title='bbox 508 1991 540 2010; x_wconf 92' lang='lat' dir='ltr'>u.</span> <span class='ocrx_word' id='word_1_249' title='bbox 566 1979 656 2020; x_wconf 83' lang='lat' dir='ltr'>giebt</span> <span class='ocrx_word' id='word_1_250' title='bbox 682 1980 743 2011; x_wconf 87' lang='lat' dir='ltr'>den</span> <span class='ocrx_word' id='word_1_251' title='bbox 763 1978 876 2010; x_wconf 86' lang='lat' dir='ltr'>Gruud</span> 
     </span>
     <span class='ocr_line' id='line_1_33' title="bbox 202 2024 877 2063; baseline 0 -7"><span class='ocrx_word' id='word_1_252' title='bbox 202 2025 257 2056; x_wconf 86' lang='lat' dir='ltr'>des</span> <span class='ocrx_word' id='word_1_253' title='bbox 285 2024 490 2056; x_wconf 78' lang='lat' dir='ltr'>Versabrens</span> <span class='ocrx_word' id='word_1_254' title='bbox 515 2035 574 2063; x_wconf 67' lang='lat' dir='ltr'>an,</span> <span class='ocrx_word' id='word_1_255' title='bbox 604 2025 661 2057; x_wconf 86' lang='lat' dir='ltr'>der</span> <span class='ocrx_word' id='word_1_256' title='bbox 687 2025 803 2056; x_wconf 74' lang='lat' dir='ltr'>Aecus.</span> <span class='ocrx_word' id='word_1_257' title='bbox 833 2025 877 2056; x_wconf 83' lang='lat' dir='ltr'>ist</span> 
     </span>
     <span class='ocr_line' id='line_1_34' title="bbox 201 2070 876 2111; baseline 0 -10"><span class='ocrx_word' id='word_1_258' title='bbox 201 2070 304 2101; x_wconf 85' lang='lat' dir='ltr'>durch</span> <span class='ocrx_word' id='word_1_259' title='bbox 321 2070 378 2101; x_wconf 82' lang='lat' dir='ltr'>das</span> <span class='ocrx_word' id='word_1_260' title='bbox 397 2070 589 2110; x_wconf 81' lang='lat' dir='ltr'>regierende</span> <span class='ocrx_word' id='word_1_261' title='bbox 608 2070 707 2102; x_wconf 84' lang='lat' dir='ltr'>Verb.</span> <span class='ocrx_word' id='word_1_262' title='bbox 728 2070 876 2111; x_wconf 78' lang='lat' dir='ltr'>bediugt,</span> 
     </span>
     <span class='ocr_line' id='line_1_35' title="bbox 200 2115 874 2156; baseline 0.003 -10"><span class='ocrx_word' id='word_1_263' title='bbox 200 2115 267 2156; x_wconf 80' lang='lat' dir='ltr'>vgl.</span> <span class='ocrx_word' id='word_1_264' title='bbox 293 2118 324 2154; x_wconf 82' lang='lat'>4,</span> <span class='ocrx_word' id='word_1_265' title='bbox 358 2117 409 2149; x_wconf 72' lang='lat'>17,</span> <span class='ocrx_word' id='word_1_266' title='bbox 435 2118 473 2154; x_wconf 73' lang='lat'>43</span> <span class='ocrx_word' id='word_1_267' title='bbox 502 2126 541 2146; x_wconf 90' lang='lat' dir='ltr'>zu</span> <span class='ocrx_word' id='word_1_268' title='bbox 566 2115 644 2147; x_wconf 78' lang='lat' dir='ltr'>Tac.</span> <span class='ocrx_word' id='word_1_269' title='bbox 670 2115 730 2146; x_wconf 86' lang='lat' dir='ltr'>An.</span> <span class='ocrx_word' id='word_1_270' title='bbox 761 2118 787 2155; x_wconf 87' lang='lat'>1,</span> <span class='ocrx_word' id='word_1_271' title='bbox 814 2118 874 2152; x_wconf 77' lang='lat'>27;</span> 
     </span>
     <span class='ocr_line' id='line_1_36' title="bbox 200 2160 874 2201; baseline 0.004 -10"><span class='ocrx_word' id='word_1_272' title='bbox 200 2172 259 2192; x_wconf 86' lang='lat' dir='ltr'>zur</span> <span class='ocrx_word' id='word_1_273' title='bbox 286 2160 391 2192; x_wconf 78' lang='lat' dir='ltr'>sache</span> <span class='ocrx_word' id='word_1_274' title='bbox 421 2163 456 2200; x_wconf 81' lang='lat'>1,</span> <span class='ocrx_word' id='word_1_275' title='bbox 496 2162 558 2201; x_wconf 78' lang='lat'>37,</span> <span class='ocrx_word' id='word_1_276' title='bbox 598 2163 635 2201; x_wconf 73' lang='lat'>5,</span> <span class='ocrx_word' id='word_1_277' title='bbox 675 2162 736 2200; x_wconf 84' lang='lat'>30,</span> <span class='ocrx_word' id='word_1_278' title='bbox 773 2163 810 2200; x_wconf 83' lang='lat'>6,</span> <span class='ocrx_word' id='word_1_279' title='bbox 838 2167 874 2200; x_wconf 63' lang='grc'>9,</span> 
     </span>
     <span class='ocr_line' id='line_1_37' title="bbox 199 2206 877 2243; baseline -0.003 -4"><span class='ocrx_word' id='word_1_280' title='bbox 199 2206 377 2239; x_wconf 86' lang='lat' dir='ltr'>Mommsen</span> <span class='ocrx_word' id='word_1_281' title='bbox 403 2206 468 2238; x_wconf 86' lang='lat' dir='ltr'>Str.</span> <span class='ocrx_word' id='word_1_282' title='bbox 501 2209 527 2243; x_wconf 79' lang='lat'>1,</span> <span class='ocrx_word' id='word_1_283' title='bbox 558 2207 632 2239; x_wconf 79' lang='lat'>205.</span> <span class='ocrx_word' id='word_1_284' title='bbox 658 2225 700 2229; x_wconf 96' lang='lat'>—</span> <span class='ocrx_word' id='word_1_285' title='bbox 725 2209 818 2238; x_wconf 72' lang='lat' dir='ltr'>mixti</span> <span class='ocrx_word' id='word_1_286' title='bbox 835 2226 877 2229; x_wconf 86' lang='lat'>—</span> 
     </span>
     <span class='ocr_line' id='line_1_38' title="bbox 200 2252 874 2293; baseline -0.001 -9"><span class='ocrx_word' id='word_1_287' title='bbox 200 2255 307 2292; x_wconf 63' lang='lat' dir='ltr'>fflsp„</span> <span class='ocrx_word' id='word_1_288' title='bbox 323 2252 375 2284; x_wconf 89' lang='lat' dir='ltr'>die</span> <span class='ocrx_word' id='word_1_289' title='bbox 389 2252 619 2284; x_wconf 79' lang='lat' dir='ltr'>vei-bundenen</span> <span class='ocrx_word' id='word_1_290' title='bbox 630 2252 732 2293; x_wconf 81' lang='lat' dir='ltr'>Dinge</span> <span class='ocrx_word' id='word_1_291' title='bbox 747 2252 874 2293; x_wconf 78' lang='lat' dir='ltr'>gleich-</span> 
     </span>
     <span class='ocr_line' id='line_1_39' title="bbox 198 2298 874 2339; baseline 0.003 -11"><span class='ocrx_word' id='word_1_292' title='bbox 198 2298 265 2329; x_wconf 88' lang='lat' dir='ltr'>und</span> <span class='ocrx_word' id='word_1_293' title='bbox 297 2298 620 2339; x_wconf 79' lang='lat' dir='ltr'>zusammengestellt</span> <span class='ocrx_word' id='word_1_294' title='bbox 653 2298 716 2329; x_wconf 80' lang='lat' dir='ltr'>wie</span> <span class='ocrx_word' id='word_1_295' title='bbox 743 2300 782 2333; x_wconf 84' lang='lat'>4,</span> <span class='ocrx_word' id='word_1_296' title='bbox 822 2299 874 2335; x_wconf 83' lang='lat'>25,</span> 
     </span>
     <span class='ocr_line' id='line_1_40' title="bbox 204 2345 874 2385; baseline 0 -9"><span class='ocrx_word' id='word_1_297' title='bbox 204 2345 262 2376; x_wconf 82' lang='lat'>12:</span> <span class='ocrx_word' id='word_1_298' title='bbox 299 2346 408 2376; x_wconf 66' lang='lat' dir='ltr'>mixtis</span> <span class='ocrx_word' id='word_1_299' title='bbox 430 2346 578 2383; x_wconf 74' lang='lat' dir='ltr'>precibus</span> <span class='ocrx_word' id='word_1_300' title='bbox 605 2346 778 2385; x_wconf 70' lang='lat' dir='ltr'>minisque,</span> <span class='ocrx_word' id='word_1_301' title='bbox 821 2346 874 2376; x_wconf 78' lang='lat'>27.</span> 
     </span>
     <span class='ocr_line' id='line_1_41' title="bbox 202 2390 875 2429; baseline -0.001 -8"><span class='ocrx_word' id='word_1_302' title='bbox 202 2391 263 2427; x_wconf 77' lang='lat'>38,</span> <span class='ocrx_word' id='word_1_303' title='bbox 292 2392 350 2429; x_wconf 64' lang='lat'>123</span> <span class='ocrx_word' id='word_1_304' title='bbox 376 2390 494 2421; x_wconf 85' lang='lat' dir='ltr'>auders</span> <span class='ocrx_word' id='word_1_305' title='bbox 523 2391 583 2427; x_wconf 82' lang='lat'>21,</span> <span class='ocrx_word' id='word_1_306' title='bbox 612 2391 666 2429; x_wconf 84' lang='lat'>22,</span> <span class='ocrx_word' id='word_1_307' title='bbox 692 2392 722 2423; x_wconf 84' lang='lat'>3.</span> <span class='ocrx_word' id='word_1_308' title='bbox 749 2407 791 2410; x_wconf 92' lang='lat'>—</span> <span class='ocrx_word' id='word_1_309' title='bbox 816 2392 875 2420; x_wconf 66' lang='lat' dir='ltr'>ali-</span> 
     </span>
     <span class='ocr_line' id='line_1_42' title="bbox 199 2435 874 2476; baseline 0 -10"><span class='ocrx_word' id='word_1_310' title='bbox 199 2446 306 2476; x_wconf 72' lang='lat' dir='ltr'>quam,</span> <span class='ocrx_word' id='word_1_311' title='bbox 332 2435 411 2466; x_wconf 86' lang='lat' dir='ltr'>iiber</span> <span class='ocrx_word' id='word_1_312' title='bbox 428 2440 544 2471; x_wconf 77' lang='lat' dir='ltr'>etwas,</span> <span class='ocrx_word' id='word_1_313' title='bbox 576 2437 604 2475; x_wconf 85' lang='lat'>1,</span> <span class='ocrx_word' id='word_1_314' title='bbox 630 2437 683 2475; x_wconf 86' lang='lat'>30,</span> <span class='ocrx_word' id='word_1_315' title='bbox 709 2437 874 2468; x_wconf 65' lang='lat' dir='ltr'>4.——Ze&#39;be-</span> 
     </span>
     <span class='ocr_line' id='line_1_43' title="bbox 200 2481 874 2521; baseline -0.001 -9"><span class='ocrx_word' id='word_1_316' title='bbox 200 2483 348 2521; x_wconf 72' lang='lat' dir='ltr'>mlieris,</span> <span class='ocrx_word' id='word_1_317' title='bbox 383 2481 495 2512; x_wconf 82' lang='lat' dir='ltr'>besser</span> <span class='ocrx_word' id='word_1_318' title='bbox 518 2481 654 2512; x_wconf 84' lang='lat' dir='ltr'>belohnt</span> <span class='ocrx_word' id='word_1_319' title='bbox 681 2481 744 2512; x_wconf 87' lang='lat' dir='ltr'>und</span> <span class='ocrx_word' id='word_1_320' title='bbox 769 2481 874 2512; x_wconf 82' lang='lat' dir='ltr'>weni-</span> 
     </span>
     <span class='ocr_line' id='line_1_44' title="bbox 201 2527 874 2567; baseline 0 -10"><span class='ocrx_word' id='word_1_321' title='bbox 201 2536 261 2566; x_wconf 80' lang='lat' dir='ltr'>gcr</span> <span class='ocrx_word' id='word_1_322' title='bbox 275 2530 398 2566; x_wconf 76' lang='lat' dir='ltr'>sti-eng,</span> <span class='ocrx_word' id='word_1_323' title='bbox 426 2527 491 2567; x_wconf 38' lang='lat' dir='ltr'>xfgl.</span> <span class='ocrx_word' id='word_1_324' title='bbox 514 2528 567 2562; x_wconf 84' lang='lat'>32,</span> <span class='ocrx_word' id='word_1_325' title='bbox 594 2528 646 2559; x_wconf 85' lang='lat'>23.</span> <span class='ocrx_word' id='word_1_326' title='bbox 677 2528 714 2560; x_wconf 85' lang='lat'>9:</span> <span class='ocrx_word' id='word_1_327' title='bbox 739 2529 874 2558; x_wconf 68' lang='lat' dir='ltr'>honora-</span> 
     </span>
     <span class='ocr_line' id='line_1_45' title="bbox 200 2574 873 2613; baseline 0.003 -11"><span class='ocrx_word' id='word_1_328' title='bbox 200 2574 292 2603; x_wconf 72' lang='lat' dir='ltr'>tioris</span> <span class='ocrx_word' id='word_1_329' title='bbox 308 2574 455 2606; x_wconf 69' lang='lat' dir='ltr'>militiae:</span> <span class='ocrx_word' id='word_1_330' title='bbox 477 2575 530 2608; x_wconf 79' lang='lat'>45.</span> <span class='ocrx_word' id='word_1_331' title='bbox 558 2574 611 2613; x_wconf 84' lang='grc'>36,</span> <span class='ocrx_word' id='word_1_332' title='bbox 639 2574 668 2605; x_wconf 80' lang='lat'>4.</span> <span class='ocrx_word' id='word_1_333' title='bbox 683 2575 873 2606; x_wconf 53' lang='lat' dir='ltr'>—dnceoztzl</span> 
     </span>
     <span class='ocr_line' id='line_1_46' title="bbox 201 2616 873 2663; baseline 0.004 -16"><span class='ocrx_word' id='word_1_334' title='bbox 201 2616 287 2648; x_wconf 79' lang='lat' dir='ltr'>Plut.</span> <span class='ocrx_word' id='word_1_335' title='bbox 314 2617 414 2650; x_wconf 75' lang='lat' dir='ltr'>Marc.</span> <span class='ocrx_word' id='word_1_336' title='bbox 447 2620 504 2651; x_wconf 80' lang='lat'>12:</span> <span class='ocrx_word' id='word_1_337' title='bbox 539 2616 630 2663; x_wconf 69' lang='grc' dir='ltr'>ὑπὲρ</span> <span class='ocrx_word' id='word_1_338' title='bbox 663 2618 747 2654; x_wconf 69' lang='grc' dir='ltr'>τοὺς</span> <span class='ocrx_word' id='word_1_339' title='bbox 772 2630 873 2663; x_wconf 67' lang='grc' dir='ltr'><em>τρια-</em></span> 
     </span>
     <span class='ocr_line' id='line_1_47' title="bbox 200 2665 816 2706; baseline 0.002 -11"><span class='ocrx_word' id='word_1_340' title='bbox 200 2666 357 2700; x_wconf 68' lang='grc' dir='ltr'>κοσίους.</span> <span class='ocrx_word' id='word_1_341' title='bbox 385 2665 599 2705; x_wconf 69' lang='lat' dir='ltr'>—forte&#39;f.,</span> <span class='ocrx_word' id='word_1_342' title='bbox 625 2665 677 2706; x_wconf 85' lang='lat'>21,</span> <span class='ocrx_word' id='word_1_343' title='bbox 707 2665 762 2700; x_wconf 74' lang='lat'>44,</span> <span class='ocrx_word' id='word_1_344' title='bbox 790 2665 816 2696; x_wconf 87' lang='lat'>2.</span> 
     </span>
    </p>
   </div>
   <div class='ocr_carea' id='block_1_4' title="bbox 943 1474 1621 2705">
    <p class='ocr_par' dir='ltr' id='par_1_4' title="bbox 946 1474 1621 1610">
     <span class='ocr_line' id='line_1_48' title="bbox 992 1474 1619 1519; baseline -0.002 -9"><span class='ocrx_word' id='word_1_345' title='bbox 992 1474 1071 1518; x_wconf 84' lang='lat'>46,</span> <span class='ocrx_word' id='word_1_346' title='bbox 1110 1474 1254 1517; x_wconf 83' lang='lat'>8—48,</span> <span class='ocrx_word' id='word_1_347' title='bbox 1295 1479 1324 1510; x_wconf 85' lang='lat'>3.</span> <span class='ocrx_word' id='word_1_348' title='bbox 1371 1476 1561 1519; x_wconf 83' lang='lat' dir='ltr'>Ereignisse</span> <span class='ocrx_word' id='word_1_349' title='bbox 1586 1478 1619 1509; x_wconf 89' lang='lat' dir='ltr'>in</span> 
     </span>
     <span class='ocr_line' id='line_1_49' title="bbox 946 1522 1621 1565; baseline 0.003 -11"><span class='ocrx_word' id='word_1_350' title='bbox 946 1522 1144 1565; x_wconf 83' lang='lat' dir='ltr'>Campanieu</span> <span class='ocrx_word' id='word_1_351' title='bbox 1169 1523 1234 1554; x_wconf 92' lang='lat' dir='ltr'>und</span> <span class='ocrx_word' id='word_1_352' title='bbox 1259 1523 1292 1554; x_wconf 90' lang='lat' dir='ltr'>in</span> <span class='ocrx_word' id='word_1_353' title='bbox 1310 1522 1461 1565; x_wconf 83' lang='lat' dir='ltr'>Apulien.</span> <span class='ocrx_word' id='word_1_354' title='bbox 1503 1523 1561 1556; x_wconf 90' lang='lat' dir='ltr'>Sil.</span> <span class='ocrx_word' id='word_1_355' title='bbox 1581 1523 1621 1557; x_wconf 88' lang='lat' dir='ltr'>It.</span> 
     </span>
     <span class='ocr_line' id='line_1_50' title="bbox 950 1567 1470 1610; baseline 0 -9"><span class='ocrx_word' id='word_1_356' title='bbox 950 1570 1000 1610; x_wconf 84' lang='lat'>13,</span> <span class='ocrx_word' id='word_1_357' title='bbox 1032 1570 1095 1601; x_wconf 79' lang='grc'>142</span> <span class='ocrx_word' id='word_1_358' title='bbox 1107 1568 1157 1609; x_wconf 78' lang='lat' dir='ltr'>ff.;</span> <span class='ocrx_word' id='word_1_359' title='bbox 1183 1568 1264 1610; x_wconf 81' lang='lat' dir='ltr'>App.</span> <span class='ocrx_word' id='word_1_360' title='bbox 1290 1567 1392 1600; x_wconf 85' lang='lat' dir='ltr'>Haun.</span> <span class='ocrx_word' id='word_1_361' title='bbox 1419 1570 1470 1601; x_wconf 85' lang='lat'>37.</span> 
     </span>
    </p>

    <p class='ocr_par' dir='ltr' id='par_1_5' title="bbox 943 1613 1621 2705">
     <span class='ocr_line' id='line_1_51' title="bbox 993 1613 1619 1654; baseline -0.003 -6"><span class='ocrx_word' id='word_1_362' title='bbox 993 1616 1114 1648; x_wconf 72' lang='lat'>8—11.</span> <span class='ocrx_word' id='word_1_363' title='bbox 1140 1616 1239 1654; x_wconf 70' lang='lat' dir='ltr'>Apul.</span> <span class='ocrx_word' id='word_1_364' title='bbox 1252 1615 1328 1654; x_wconf 58' lang='lat' dir='ltr'>hila„</span> <span class='ocrx_word' id='word_1_365' title='bbox 1342 1613 1406 1645; x_wconf 75' lang='lat' dir='ltr'>wie</span> <span class='ocrx_word' id='word_1_366' title='bbox 1427 1613 1619 1646; x_wconf 86' lang='lat' dir='ltr'>zweiJahre</span> 
     </span>
     <span class='ocr_line' id='line_1_52' title="bbox 946 1660 1620 1700; baseline -0.001 -9"><span class='ocrx_word' id='word_1_367' title='bbox 946 1661 1079 1699; x_wconf 88' lang='lat' dir='ltr'>vorher,</span> <span class='ocrx_word' id='word_1_368' title='bbox 1107 1661 1161 1700; x_wconf 89' lang='lat'>22,</span> <span class='ocrx_word' id='word_1_369' title='bbox 1177 1661 1230 1694; x_wconf 79' lang='lat'>32,</span> <span class='ocrx_word' id='word_1_370' title='bbox 1250 1663 1279 1693; x_wconf 74' lang='lat'>4.</span> <span class='ocrx_word' id='word_1_371' title='bbox 1295 1670 1406 1699; x_wconf 78' lang='lat' dir='ltr'>—per</span> <span class='ocrx_word' id='word_1_372' title='bbox 1423 1661 1497 1699; x_wconf 58' lang='lat' dir='ltr'>Mb„</span> <span class='ocrx_word' id='word_1_373' title='bbox 1517 1660 1620 1691; x_wconf 87' lang='lat' dir='ltr'>durch</span> 
     </span>
     <span class='ocr_line' id='line_1_53' title="bbox 946 1704 1619 1746; baseline -0.001 -9"><span class='ocrx_word' id='word_1_374' title='bbox 946 1705 998 1738; x_wconf 84' lang='lat' dir='ltr'>die</span> <span class='ocrx_word' id='word_1_375' title='bbox 1016 1705 1168 1746; x_wconf 80' lang='lat' dir='ltr'>Stellung</span> <span class='ocrx_word' id='word_1_376' title='bbox 1188 1705 1347 1746; x_wconf 83' lang='lat' dir='ltr'>gehoben,</span> <span class='ocrx_word' id='word_1_377' title='bbox 1368 1706 1450 1736; x_wconf 86' lang='lat' dir='ltr'>auch</span> <span class='ocrx_word' id='word_1_378' title='bbox 1467 1705 1508 1736; x_wconf 87' lang='lat' dir='ltr'>im</span> <span class='ocrx_word' id='word_1_379' title='bbox 1526 1704 1619 1746; x_wconf 85' lang='lat' dir='ltr'>Folg.</span> 
     </span>
     <span class='ocr_line' id='line_1_54' title="bbox 945 1750 1621 1792; baseline 0 -10"><span class='ocrx_word' id='word_1_380' title='bbox 945 1751 990 1783; x_wconf 85' lang='lat' dir='ltr'>ist</span> <span class='ocrx_word' id='word_1_381' title='bbox 1020 1754 1156 1791; x_wconf 71' lang='lat' dir='ltr'>propius</span> <span class='ocrx_word' id='word_1_382' title='bbox 1189 1750 1440 1792; x_wconf 78' lang='lat' dir='ltr'>ungewiihnlich</span> <span class='ocrx_word' id='word_1_383' title='bbox 1476 1751 1621 1792; x_wconf 85' lang='lat' dir='ltr'>nachge—</span> 
     </span>
     <span class='ocr_line' id='line_1_55' title="bbox 945 1798 1618 1838; baseline 0 -10"><span class='ocrx_word' id='word_1_384' title='bbox 945 1801 1043 1837; x_wconf 81' lang='lat' dir='ltr'>setzt,</span> <span class='ocrx_word' id='word_1_385' title='bbox 1069 1808 1093 1828; x_wconf 88' lang='lat' dir='ltr'>s.</span> <span class='ocrx_word' id='word_1_386' title='bbox 1119 1807 1145 1828; x_wconf 91' lang='lat' dir='ltr'>c.</span> <span class='ocrx_word' id='word_1_387' title='bbox 1172 1799 1225 1834; x_wconf 84' lang='lat'>26,</span> <span class='ocrx_word' id='word_1_388' title='bbox 1252 1798 1289 1837; x_wconf 80' lang='lat'>33</span> <span class='ocrx_word' id='word_1_389' title='bbox 1315 1799 1368 1838; x_wconf 87' lang='grc'>22,</span> <span class='ocrx_word' id='word_1_390' title='bbox 1393 1798 1446 1837; x_wconf 85' lang='grc'>24,</span> <span class='ocrx_word' id='word_1_391' title='bbox 1474 1799 1492 1830; x_wconf 82' lang='grc'>5</span> <span class='ocrx_word' id='word_1_392' title='bbox 1517 1808 1550 1830; x_wconf 88' lang='lat' dir='ltr'>u.</span> <span class='ocrx_word' id='word_1_393' title='bbox 1579 1806 1618 1836; x_wconf 85' lang='lat' dir='ltr'>a.,</span> 
     </span>
     <span class='ocr_line' id='line_1_56' title="bbox 946 1840 1620 1886; baseline 0 -13"><span class='ocrx_word' id='word_1_394' title='bbox 946 1843 1013 1884; x_wconf 70' lang='lat' dir='ltr'>vgl.</span> <span class='ocrx_word' id='word_1_395' title='bbox 1033 1853 1058 1873; x_wconf 83' lang='lat' dir='ltr'>e.</span> <span class='ocrx_word' id='word_1_396' title='bbox 1077 1844 1131 1881; x_wconf 82' lang='lat'>49,</span> <span class='ocrx_word' id='word_1_397' title='bbox 1156 1844 1195 1886; x_wconf 71' lang='lat'>93</span> <span class='ocrx_word' id='word_1_398' title='bbox 1222 1844 1275 1882; x_wconf 83' lang='lat'>22,</span> <span class='ocrx_word' id='word_1_399' title='bbox 1303 1844 1333 1884; x_wconf 68' lang='grc'>3,</span> <span class='ocrx_word' id='word_1_400' title='bbox 1360 1844 1391 1882; x_wconf 89' lang='grc'>3,</span> <span class='ocrx_word' id='word_1_401' title='bbox 1416 1840 1455 1873; x_wconf 78' lang='grc' dir='ltr'>Η.</span> <span class='ocrx_word' id='word_1_402' title='bbox 1486 1844 1620 1876; x_wconf 57' lang='grc'>3172-</span> 
     </span>
     <span class='ocr_line' id='line_1_57' title="bbox 946 1888 1620 1930; baseline 0.001 -10"><span class='ocrx_word' id='word_1_403' title='bbox 946 1891 1032 1920; x_wconf 69' lang='lat' dir='ltr'>m&#39;liz&#39;l</span> <span class='ocrx_word' id='word_1_404' title='bbox 1054 1891 1149 1928; x_wconf 56' lang='lat' dir='ltr'>adim,</span> <span class='ocrx_word' id='word_1_405' title='bbox 1175 1898 1236 1929; x_wconf 79' lang='lat' dir='ltr'>gar</span> <span class='ocrx_word' id='word_1_406' title='bbox 1261 1888 1362 1930; x_wconf 83' lang='lat' dir='ltr'>nicht,</span> <span class='ocrx_word' id='word_1_407' title='bbox 1387 1888 1454 1928; x_wconf 79' lang='lat' dir='ltr'>vgl.</span> <span class='ocrx_word' id='word_1_408' title='bbox 1481 1890 1535 1927; x_wconf 82' lang='lat'>21,</span> <span class='ocrx_word' id='word_1_409' title='bbox 1568 1889 1620 1927; x_wconf 66' lang='lat'>12,</span> 
     </span>
     <span class='ocr_line' id='line_1_58' title="bbox 947 1933 1615 1974; baseline -0.004 -7"><span class='ocrx_word' id='word_1_410' title='bbox 947 1937 978 1967; x_wconf 89' lang='grc'>4.</span> <span class='ocrx_word' id='word_1_411' title='bbox 1004 1952 1045 1956; x_wconf 87' lang='lat'><em>-</em></span> <span class='ocrx_word' id='word_1_412' title='bbox 1074 1936 1109 1965; x_wconf 70' lang='lat' dir='ltr'>in</span> <span class='ocrx_word' id='word_1_413' title='bbox 1135 1940 1257 1974; x_wconf 56' lang='lat' dir='ltr'>(merto,</span> <span class='ocrx_word' id='word_1_414' title='bbox 1282 1934 1324 1964; x_wconf 88' lang='lat' dir='ltr'>im</span> <span class='ocrx_word' id='word_1_415' title='bbox 1352 1934 1477 1965; x_wconf 78' lang='lat' dir='ltr'>olseneu</span> <span class='ocrx_word' id='word_1_416' title='bbox 1502 1933 1615 1965; x_wconf 88' lang='lat' dir='ltr'>Felde.</span> 
     </span>
     <span class='ocr_line' id='line_1_59' title="bbox 948 1979 1619 2020; baseline -0.001 -9"><span class='ocrx_word' id='word_1_417' title='bbox 948 1981 1031 2011; x_wconf 85' lang='lat' dir='ltr'>ohne</span> <span class='ocrx_word' id='word_1_418' title='bbox 1060 1979 1182 2011; x_wconf 84' lang='lat' dir='ltr'>Schutz</span> <span class='ocrx_word' id='word_1_419' title='bbox 1212 1979 1313 2010; x_wconf 81' lang='lat' dir='ltr'>durch</span> <span class='ocrx_word' id='word_1_420' title='bbox 1340 1979 1488 2020; x_wconf 83' lang='lat' dir='ltr'>Maueru,</span> <span class='ocrx_word' id='word_1_421' title='bbox 1515 1979 1619 2020; x_wconf 82' lang='lat' dir='ltr'>Berge</span> 
     </span>
     <span class='ocr_line' id='line_1_60' title="bbox 946 2025 1618 2064; baseline -0.001 -8"><span class='ocrx_word' id='word_1_422' title='bbox 946 2036 977 2056; x_wconf 91' lang='lat' dir='ltr'>u.</span> <span class='ocrx_word' id='word_1_423' title='bbox 1004 2036 1028 2056; x_wconf 87' lang='lat' dir='ltr'>s.</span> <span class='ocrx_word' id='word_1_424' title='bbox 1055 2035 1107 2064; x_wconf 66' lang='lat' dir='ltr'>w,</span> <span class='ocrx_word' id='word_1_425' title='bbox 1130 2025 1248 2056; x_wconf 84' lang='lat' dir='ltr'>auders</span> <span class='ocrx_word' id='word_1_426' title='bbox 1275 2026 1329 2063; x_wconf 84' lang='lat'>22,</span> <span class='ocrx_word' id='word_1_427' title='bbox 1355 2026 1386 2064; x_wconf 79' lang='lat'>4,</span> <span class='ocrx_word' id='word_1_428' title='bbox 1412 2026 1441 2057; x_wconf 87' lang='lat'>3.</span> <span class='ocrx_word' id='word_1_429' title='bbox 1459 2035 1562 2056; x_wconf 73' lang='lat' dir='ltr'>—sex</span> <span class='ocrx_word' id='word_1_430' title='bbox 1577 2035 1618 2056; x_wconf 81' lang='lat' dir='ltr'>m.</span> 
     </span>
     <span class='ocr_line' id='line_1_61' title="bbox 947 2069 1616 2112; baseline -0.003 -10"><span class='ocrx_word' id='word_1_431' title='bbox 947 2082 1044 2112; x_wconf 69' lang='lat' dir='ltr'>arm,</span> <span class='ocrx_word' id='word_1_432' title='bbox 1070 2070 1142 2102; x_wconf 85' lang='lat' dir='ltr'>eine</span> <span class='ocrx_word' id='word_1_433' title='bbox 1170 2071 1247 2101; x_wconf 82' lang='lat' dir='ltr'>sehr</span> <span class='ocrx_word' id='word_1_434' title='bbox 1270 2070 1379 2101; x_wconf 84' lang='lat' dir='ltr'>kleine</span> <span class='ocrx_word' id='word_1_435' title='bbox 1404 2069 1490 2101; x_wconf 78' lang='lat' dir='ltr'>Zahl</span> <span class='ocrx_word' id='word_1_436' title='bbox 1514 2079 1616 2111; x_wconf 77' lang='lat' dir='ltr'>gegen</span> 
     </span>
     <span class='ocr_line' id='line_1_62' title="bbox 947 2115 1619 2157; baseline 0 -11"><span class='ocrx_word' id='word_1_437' title='bbox 947 2126 973 2147; x_wconf 90' lang='lat' dir='ltr'>c.</span> <span class='ocrx_word' id='word_1_438' title='bbox 997 2118 1049 2152; x_wconf 85' lang='lat'>35,</span> <span class='ocrx_word' id='word_1_439' title='bbox 1074 2118 1130 2155; x_wconf 75' lang='lat'>143</span> <span class='ocrx_word' id='word_1_440' title='bbox 1153 2118 1183 2152; x_wconf 81' lang='lat'>5,</span> <span class='ocrx_word' id='word_1_441' title='bbox 1205 2117 1254 2148; x_wconf 84' lang='lat'>15.</span> <span class='ocrx_word' id='word_1_442' title='bbox 1299 2115 1428 2147; x_wconf 81' lang='lat' dir='ltr'>Andere</span> <span class='ocrx_word' id='word_1_443' title='bbox 1447 2115 1619 2157; x_wconf 81' lang='lat' dir='ltr'>interpun-</span> 
     </span>
     <span class='ocr_line' id='line_1_63' title="bbox 946 2161 1617 2203; baseline -0.001 -11"><span class='ocrx_word' id='word_1_444' title='bbox 946 2161 1039 2201; x_wconf 80' lang='lat' dir='ltr'>giren</span> <span class='ocrx_word' id='word_1_445' title='bbox 1077 2163 1248 2203; x_wconf 71' lang='lat' dir='ltr'>habebam,</span> <span class='ocrx_word' id='word_1_446' title='bbox 1278 2164 1413 2201; x_wconf 67' lang='lat' dir='ltr'>peditem</span> <span class='ocrx_word' id='word_1_447' title='bbox 1459 2163 1617 2193; x_wconf 75' lang='lat' dir='ltr'>inbellem:</span> 
     </span>
     <span class='ocr_line' id='line_1_64' title="bbox 946 2207 1620 2247; baseline -0.003 -8"><span class='ocrx_word' id='word_1_448' title='bbox 946 2211 1086 2247; x_wconf 71' lang='lat' dir='ltr'>equitatu</span> <span class='ocrx_word' id='word_1_449' title='bbox 1113 2211 1194 2247; x_wconf 65' lang='lat' dir='ltr'>ete,</span> <span class='ocrx_word' id='word_1_450' title='bbox 1236 2218 1271 2238; x_wconf 87' lang='lat' dir='ltr'>so</span> <span class='ocrx_word' id='word_1_451' title='bbox 1301 2207 1375 2238; x_wconf 77' lang='lat' dir='ltr'>dass</span> <span class='ocrx_word' id='word_1_452' title='bbox 1399 2209 1493 2247; x_wconf 76' lang='lat' dir='ltr'>equit.</span> <span class='ocrx_word' id='word_1_453' title='bbox 1518 2216 1620 2247; x_wconf 83' lang='lat' dir='ltr'>enger</span> 
     </span>
     <span class='ocr_line' id='line_1_65' title="bbox 946 2253 1618 2293; baseline -0.001 -9"><span class='ocrx_word' id='word_1_454' title='bbox 946 2253 1005 2283; x_wconf 86' lang='lat' dir='ltr'>mit</span> <span class='ocrx_word' id='word_1_455' title='bbox 1029 2254 1133 2293; x_wconf 69' lang='lat' dir='ltr'>itaque</span> <span class='ocrx_word' id='word_1_456' title='bbox 1157 2253 1456 2293; x_wconf 66' lang='lat' dir='ltr'>zusammenh&#39;zingt,</span> <span class='ocrx_word' id='word_1_457' title='bbox 1483 2262 1544 2283; x_wconf 89' lang='lat' dir='ltr'>nur</span> <span class='ocrx_word' id='word_1_458' title='bbox 1562 2264 1618 2292; x_wconf 73' lang='lat' dir='ltr'>pe-</span> 
     </span>
     <span class='ocr_line' id='line_1_66' title="bbox 946 2298 1619 2340; baseline 0 -11"><span class='ocrx_word' id='word_1_459' title='bbox 946 2301 1002 2331; x_wconf 67' lang='lat' dir='ltr'>dit.</span> <span class='ocrx_word' id='word_1_460' title='bbox 1036 2301 1141 2330; x_wconf 71' lang='lat' dir='ltr'>z&#39;nbell.</span> <span class='ocrx_word' id='word_1_461' title='bbox 1176 2298 1324 2340; x_wconf 81' lang='lat' dir='ltr'>Apposit.</span> <span class='ocrx_word' id='word_1_462' title='bbox 1359 2309 1398 2329; x_wconf 92' lang='lat' dir='ltr'>zu</span> <span class='ocrx_word' id='word_1_463' title='bbox 1431 2310 1485 2330; x_wconf 75' lang='lat' dir='ltr'>sex</span> <span class='ocrx_word' id='word_1_464' title='bbox 1518 2300 1619 2338; x_wconf 76' lang='lat' dir='ltr'>milia,</span> 
     </span>
     <span class='ocr_line' id='line_1_67' title="bbox 946 2343 1619 2376; baseline 0 -2"><span class='ocrx_word' id='word_1_465' title='bbox 946 2348 1044 2375; x_wconf 83' lang='lat' dir='ltr'>unter</span> <span class='ocrx_word' id='word_1_466' title='bbox 1070 2344 1179 2376; x_wconf 86' lang='lat' dir='ltr'>diesen</span> <span class='ocrx_word' id='word_1_467' title='bbox 1207 2344 1258 2376; x_wconf 89' lang='lat' dir='ltr'>die</span> <span class='ocrx_word' id='word_1_468' title='bbox 1277 2343 1423 2375; x_wconf 88' lang='lat' dir='ltr'>Reiterei</span> <span class='ocrx_word' id='word_1_469' title='bbox 1451 2343 1543 2374; x_wconf 85' lang='lat' dir='ltr'>nicht</span> <span class='ocrx_word' id='word_1_470' title='bbox 1560 2343 1619 2374; x_wconf 87' lang='lat' dir='ltr'>he-</span> 
     </span>
     <span class='ocr_line' id='line_1_68' title="bbox 945 2389 1618 2429; baseline 0 -9"><span class='ocrx_word' id='word_1_471' title='bbox 945 2390 1064 2429; x_wconf 78' lang='lat' dir='ltr'>grill&#39;en</span> <span class='ocrx_word' id='word_1_472' title='bbox 1092 2390 1153 2428; x_wconf 70' lang='lat' dir='ltr'>ist,</span> <span class='ocrx_word' id='word_1_473' title='bbox 1180 2390 1262 2421; x_wconf 84' lang='lat' dir='ltr'>doch</span> <span class='ocrx_word' id='word_1_474' title='bbox 1289 2390 1381 2421; x_wconf 73' lang='lat' dir='ltr'>wiire</span> <span class='ocrx_word' id='word_1_475' title='bbox 1407 2389 1491 2420; x_wconf 81' lang='lat' dir='ltr'>(lanu</span> <span class='ocrx_word' id='word_1_476' title='bbox 1514 2400 1618 2420; x_wconf 76' lang='lat' dir='ltr'>arma-</span> 
     </span>
     <span class='ocr_line' id='line_1_69' title="bbox 944 2434 1618 2476; baseline -0.001 -9"><span class='ocrx_word' id='word_1_477' title='bbox 944 2442 1047 2467; x_wconf 74' lang='lat' dir='ltr'>torum</span> <span class='ocrx_word' id='word_1_478' title='bbox 1081 2445 1164 2476; x_wconf 86' lang='lat' dir='ltr'>ganz</span> <span class='ocrx_word' id='word_1_479' title='bbox 1196 2434 1449 2476; x_wconf 71' lang='lat' dir='ltr'>ungewiihnlich</span> <span class='ocrx_word' id='word_1_480' title='bbox 1475 2436 1618 2474; x_wconf 72' lang='lat' dir='ltr'>peditum</span> 
     </span>
     <span class='ocr_line' id='line_1_70' title="bbox 945 2479 1616 2522; baseline -0.003 -10"><span class='ocrx_word' id='word_1_481' title='bbox 945 2481 1053 2522; x_wconf 82' lang='lat' dir='ltr'>gleich</span> <span class='ocrx_word' id='word_1_482' title='bbox 1072 2481 1263 2521; x_wconf 82' lang='lat' dir='ltr'>gebraucht.</span> <span class='ocrx_word' id='word_1_483' title='bbox 1300 2481 1360 2512; x_wconf 91' lang='lat' dir='ltr'>Die</span> <span class='ocrx_word' id='word_1_484' title='bbox 1381 2479 1514 2521; x_wconf 79' lang='lat' dir='ltr'>geringe</span> <span class='ocrx_word' id='word_1_485' title='bbox 1532 2479 1616 2511; x_wconf 82' lang='lat' dir='ltr'>Zahl</span> 
     </span>
     <span class='ocr_line' id='line_1_71' title="bbox 945 2525 1618 2558; baseline -0.001 -1"><span class='ocrx_word' id='word_1_486' title='bbox 945 2528 1003 2558; x_wconf 86' lang='lat' dir='ltr'>der</span> <span class='ocrx_word' id='word_1_487' title='bbox 1033 2527 1255 2558; x_wconf 78' lang='lat' dir='ltr'>Bewaffueteu</span> <span class='ocrx_word' id='word_1_488' title='bbox 1282 2527 1367 2557; x_wconf 68' lang='lat' dir='ltr'>kaim</span> <span class='ocrx_word' id='word_1_489' title='bbox 1393 2526 1477 2557; x_wconf 83' lang='lat' dir='ltr'>auch</span> <span class='ocrx_word' id='word_1_490' title='bbox 1501 2525 1534 2556; x_wconf 90' lang='lat' dir='ltr'>in</span> <span class='ocrx_word' id='word_1_491' title='bbox 1560 2525 1618 2557; x_wconf 87' lang='lat' dir='ltr'>der</span> 
     </span>
     <span class='ocr_line' id='line_1_72' title="bbox 943 2571 1615 2614; baseline 0.001 -11"><span class='ocrx_word' id='word_1_492' title='bbox 943 2571 1105 2612; x_wconf 76' lang='lat' dir='ltr'>Triigheit</span> <span class='ocrx_word' id='word_1_493' title='bbox 1131 2573 1187 2603; x_wconf 86' lang='lat' dir='ltr'>der</span> <span class='ocrx_word' id='word_1_494' title='bbox 1213 2571 1401 2614; x_wconf 85' lang='lat' dir='ltr'>Campaner,</span> <span class='ocrx_word' id='word_1_495' title='bbox 1429 2582 1454 2605; x_wconf 83' lang='lat' dir='ltr'>S.</span> <span class='ocrx_word' id='word_1_496' title='bbox 1481 2571 1535 2607; x_wconf 85' lang='grc'>25,</span> <span class='ocrx_word' id='word_1_497' title='bbox 1565 2572 1615 2610; x_wconf 85' lang='grc'>13,</span> 
     </span>
     <span class='ocr_line' id='line_1_73' title="bbox 945 2616 1617 2658; baseline -0.003 -9"><span class='ocrx_word' id='word_1_498' title='bbox 945 2620 982 2657; x_wconf 83' lang='lat'>7,</span> <span class='ocrx_word' id='word_1_499' title='bbox 1021 2617 1114 2649; x_wconf 85' lang='lat' dir='ltr'>ihren</span> <span class='ocrx_word' id='word_1_500' title='bbox 1140 2616 1252 2649; x_wconf 87' lang='lat' dir='ltr'>Grund</span> <span class='ocrx_word' id='word_1_501' title='bbox 1285 2616 1407 2658; x_wconf 79' lang='lat' dir='ltr'>gehabt</span> <span class='ocrx_word' id='word_1_502' title='bbox 1432 2616 1547 2648; x_wconf 86' lang='lat' dir='ltr'>haben.</span> <span class='ocrx_word' id='word_1_503' title='bbox 1573 2634 1617 2639; x_wconf 85' lang='lat'>——</span> 
     </span>
     <span class='ocr_line' id='line_1_74' title="bbox 944 2664 1432 2705; baseline 0 -11"><span class='ocrx_word' id='word_1_504' title='bbox 944 2665 1142 2705; x_wconf 64' lang='lat' dir='ltr'>lacessebant,</span> <span class='ocrx_word' id='word_1_505' title='bbox 1168 2674 1191 2694; x_wconf 81' lang='lat' dir='ltr'>S.</span> <span class='ocrx_word' id='word_1_506' title='bbox 1219 2664 1272 2703; x_wconf 75' lang='lat'>27,</span> <span class='ocrx_word' id='word_1_507' title='bbox 1304 2664 1354 2702; x_wconf 89' lang='grc'>12,</span> <span class='ocrx_word' id='word_1_508' title='bbox 1384 2664 1432 2695; x_wconf 87' lang='grc'>13.</span> 
     </span>
    </p>
   </div>
   <div class='ocr_carea' id='block_1_5' title="bbox 1472 230 1627 261">
    <p class='ocr_par' dir='ltr' id='par_1_6' title="bbox 1472 230 1627 261">
     <span class='ocr_line' id='line_1_75' title="bbox 1472 230 1627 261; baseline 0.013 -3"><span class='ocrx_word' id='word_1_509' title='bbox 1472 239 1497 258; x_wconf 75' lang='lat' dir='ltr'>a.</span> <span class='ocrx_word' id='word_1_510' title='bbox 1515 239 1543 258; x_wconf 86' lang='lat' dir='ltr'>u.</span> <span class='ocrx_word' id='word_1_511' title='bbox 1563 230 1627 261; x_wconf 78' lang='lat'><strong>539.</strong></span> 
     </span>
    </p>
   </div>
   <div class='ocr_carea' id='block_1_6' title="bbox 1734 67 1742 188">
    <p class='ocr_par' dir='ltr' id='par_1_7' title="bbox 1734 67 1742 188">
     <span class='ocr_line' id='line_1_76' title="bbox 1734 67 1742 143; baseline 0 0"><span class='ocrx_word' id='word_1_512' title='bbox 1734 67 1742 143; x_wconf 56' lang='lat' dir='ltr'>&#39;A</span> 
     </span>
     <span class='ocr_line' id='line_1_77' title="bbox 1735 139 1741 158; baseline 0 0"><span class='ocrx_word' id='word_1_513' title='bbox 1735 139 1741 158; x_wconf 70' lang='grc' dir='ltr'>’ἱ</span> 
     </span>
     <span class='ocr_line' id='line_1_78' title="bbox 1734 160 1742 171; baseline 0 0"><span class='ocrx_word' id='word_1_514' title='bbox 1734 160 1742 171; x_wconf 61' lang='lat' dir='ltr'>¹ae</span> 
     </span>
     <span class='ocr_line' id='line_1_79' title="bbox 1740 175 1742 188; baseline 0 0"><span class='ocrx_word' id='word_1_515' title='bbox 1740 175 1742 188; x_wconf 74' lang='grc'>1</span> 
     </span>
    </p>
   </div>
   <div class='ocr_carea' id='block_1_7' title="bbox 1683 673 1763 2983">
    <p class='ocr_par' dir='ltr' id='par_1_8' title="bbox 1683 673 1763 2983">
     <span class='ocr_line' id='line_1_80' title="bbox 1683 673 1763 2983; baseline 0 0"><span class='ocrx_word' id='word_1_516' title='bbox 1683 673 1763 2983; x_wconf 95' lang='lat' dir='ltr'> </span> 
     </span>
    </p>
   </div>
  </div>
 </body>
</html>
