1763 2983
149 185 174 204 a.
193 176 243 204 011.
262 176 323 204 294.
663 176 789 209 [ABER
806 176 850 209 x.
878 177 970 211 CAP.
989 178 1043 211 35.
1473 179 1555 219 449

136 279 238 318 vires
266 279 466 331 aequavit,
496 279 687 331 proelium
716 279 865 319 varium
889 285 927 318 et
954 293 1097 332 anceps
1128 280 1212 327 fuit,
1243 280 1391 320 tristius
1420 286 1554 320 tamen
1586 291 1603 322 2

136 341 278 375 eventu
293 335 493 382 Romanis,
512 340 551 375 et
573 335 660 386 quia
683 336 826 375 insueti
849 343 960 375 erant
982 338 1095 384 vinci,
1128 343 1166 376 et
1187 338 1275 389 quia
1297 338 1557 389 digredientes

136 392 255 444 magis
278 405 394 443 quam
416 393 457 431 in
478 392 561 444 ipso
585 393 801 432 certamine
824 400 1046 440 senserunt,
1077 400 1267 446 quantum
1296 395 1335 433 in
1356 408 1423 434 sua
1444 400 1554 446 parte

135 450 221 501 plus
243 450 448 488 vulnerum
469 461 513 487 ac
533 449 660 488 caedis
679 449 829 489 fuisset.
872 450 1003 501 itaque
1024 450 1056 489 is
1076 456 1206 490 terror
1221 452 1261 490 in
1280 451 1413 491 castris
1431 456 1552 498 ortus,
1584 463 1602 494 3

136 507 201 558 qui
222 505 252 544 si
272 511 497 557 pugnantes
514 506 691 558 cepisset,
713 506 874 557 insignis
891 512 1047 558 accepta
1065 508 1192 547 clades
1208 509 1331 556 foret3
1352 514 1435 547 tum
1455 520 1556 559 quo-

137 575 212 614 que
234 563 395 602 sollicita
417 574 494 601 nox
517 563 589 601 fuit
618 563 694 602 iam
718 563 944 602 invasurum
966 569 1088 603 castra
1112 565 1330 603 Samnitem
1355 565 1554 604 credenti-

135 619 208 658 bus
229 624 295 658 aut
315 619 440 671 prima
461 620 545 658 luce
568 632 656 659 cum
689 620 901 659 victoribus
933 621 1196 660 conserendas
1228 634 1378 661 manus.
1421 622 1553 661 minus
1583 634 1602 666 4

134 675 259 722 cladis,
282 681 456 715 ceterum
478 688 559 714 non
581 677 666 727 plus
687 676 908 715 animorum
930 677 977 716 ad
999 677 1132 716 hostes
1155 683 1249 716 erat.
1291 679 1360 717 ubi
1382 679 1551 729 primum

132 732 279 780 inluxit,
301 732 404 772 abire
422 733 507 772 sine
524 733 737 773 certamine
755 734 937 785 cupiunt:
959 734 1028 772 sed
1050 733 1107 773 via
1125 747 1201 773 una
1223 740 1261 773 et
1278 748 1321 774 ea
1339 736 1420 786 ipsa
1438 747 1551 786 prae-

131 795 193 828 ter
211 790 344 828 hostes
362 795 463 838 erat3
485 803 558 841 qua
576 790 740 841 ingressi
757 791 972 842 praebuere
991 791 1160 842 speciem
1179 796 1284 831 recta
1302 792 1551 831 tendentium

131 846 177 885 ad
199 852 321 885 castra
344 847 616 898 oppugnanda.
659 848 793 886 consul
815 860 919 887 arma
942 860 1080 899 capere
1097 848 1240 887 milites
1257 849 1366 888 iubet
1388 854 1426 887 et
1442 848 1553 900 sequi
1583 858 1601 886 3

132 916 174 942 se
191 909 296 943 extra
314 905 475 951 vallum,
497 904 631 954 legatis
643 904 812 943 tribunis
823 905 1030 956 praefectis
1042 905 1427 957 sociorumimperat,
1447 905 1552 957 quod

133 961 233 1012 apud
252 973 447 1012 quemque
464 961 564 1000 facto
583 974 680 1013 opus
698 968 767 1000 est.
798 974 935 1001 omnes
957 962 1163 1001 adfirmant
1179 975 1220 1001 se
1239 963 1397 1014 quidem
1419 962 1549 1001 omnia
1581 971 1600 1002 6

132 1017 315 1064 facturos,
339 1018 407 1056 sed
429 1018 596 1057 militum
619 1019 743 1057 iacere
765 1019 938 1067 anim0s3
960 1024 1041 1058 tota
1064 1025 1179 1058 nocte
1202 1020 1305 1059 inter
1330 1020 1491 1059 vulnera
1514 1025 1552 1058 et

133 1075 299 1125 gemitus
321 1075 574 1113 morientium
591 1075 785 1125 vigilatum
808 1088 915 1122 esse3
936 1075 968 1114 si
990 1081 1079 1115 ante
1102 1076 1228 1115 lucem
1252 1076 1298 1116 ad
1316 1082 1438 1116 castra
1457 1088 1551 1115 ven—
1581 1085 1597 1115 7

131 1139 214 1170 tum
236 1132 350 1179 foret,
373 1137 527 1171 tantum
550 1132 702 1182 pavoris
722 1133 855 1178 fuisse,
879 1138 922 1171 ut
937 1133 1107 1171 relicturi
1129 1133 1237 1184 signa
1256 1134 1422 1180 fuerint;
1446 1145 1552 1172 nunc

130 1189 280 1240 pudore
302 1202 322 1227 a
341 1188 432 1238 fuga
455 1189 658 1236 contineri,
681 1188 824 1240 alioqui
845 1201 916 1240 pro
936 1189 1044 1228 victis
1067 1202 1164 1228 esse.
1207 1203 1307 1242 quae
1325 1190 1391 1230 ubi
1412 1190 1549 1229 consul
1581 1200 1599 1231 S

131 1245 289 1295 accepit,
312 1244 468 1284 sibimet
486 1245 562 1296 ipsi
583 1245 882 1286 circumeundos
900 1246 1245 1298 adloquendosque
1266 1247 1410 1286 milites
1428 1252 1549 1292 ratus,

132 1307 176 1340 ut
195 1302 242 1340 ad
264 1314 441 1353 quosque
463 1308 633 1349 venerat,
658 1308 886 1347 cunctantes
907 1315 1013 1342 arma
1031 1315 1167 1354 capere
1186 1303 1429 1355 increpabat:
1456 1303 1549 1355 quid
1580 1302 1598 1333 9

132 1364 330 1397 cessarent
352 1357 808 1410 tergiversarenturque?
837 1360 991 1398 hostem
1014 1359 1054 1397 in
1076 1365 1201 1399 castra
1222 1365 1444 1407 venturum,
1477 1360 1553 1398 nisi

129 1414 181 1453 illi
203 1420 306 1454 extra
330 1421 453 1455 castra
475 1414 659 1462 exissent,
693 1422 731 1455 et
750 1428 820 1467 pro
842 1416 1023 1455 tentoriis
1046 1416 1126 1456 suis
1149 1425 1405 1468 pugnaturos,
1429 1416 1460 1457 si
1482 1430 1553 1469 pro

131 1471 226 1510 vallo
256 1472 414 1511 nollent.
455 1472 616 1511 armatis
646 1485 690 1512 ac
720 1472 996 1513 dimicantibus
1034 1474 1191 1513 dubiam
1225 1475 1425 1514 victoriam
1447 1487 1553 1520 esse3

144 1528 209 1580 qui
231 1528 361 1568 nudus
377 1535 493 1581 atque
509 1529 674 1568 inermis
690 1530 843 1569 hostem
863 1536 1042 1577 maneat,
1067 1530 1099 1569 ei
1121 1537 1187 1570 aut
1202 1538 1370 1571 mortem
1393 1536 1459 1572 aut
1475 1544 1558 1570 ser·
1582 1542 1620 1574 10

134 1669 147 1700 1
178 1667 370 1700 erwiihnten
399 1667 506 1700 Heere
535 1667 628 1700 diese
656 1668 800 1711 Expedi-

131 1713 201 1744 tion
227 1718 486 1745 uuternommen.
504 1732 547 1736 —-
564 1715 619 1745 ira
636 1724 663 1746 v.
682 1725 726 1753 a.‚
749 1714 802 1746 die

133 1758 253 1790 worte
276 1759 350 1790 sind
372 1759 583 1799 zweideutig,
613 1759 802 1791 entweder:

131 1804 191 1836 der
217 1803 306 1835 Zorn
335 1804 397 1845 gab
428 1804 558 1845 (beiden
581 1803 731 1844 Theilen,
761 1806 802 1837 da

129 1854 201 1881 erst
238 1850 299 1881 der
329 1850 422 1891 eine,
462 1850 546 1881 daun
586 1851 647 1882 der
678 1851 801 1882 andere

128 1895 248 1935 siegte)
266 1895 394 1936 gleiehe
414 1893 530 1935 Hraft3
554 1896 650 1927 oder:
668 1897 721 1928 die
738 1896 802 1928 Er-

130 1940 302 1981 bitterung
323 1950 395 1972 war
412 1941 495 1972 eben
513 1952 549 1973 so
567 1952 665 1982 gross
683 1942 733 1973 als
749 1942 801 1973 die

129 1983 238 2017 Krai't.
264 2004 306 2008 -
329 1987 463 2018 tristius
485 1996 542 2025 ev„
566 1988 598 2027 9,
625 1988 677 2028 38,
704 1988 734 2019 8.
758 2006 801 2010 —-

128 2030 248 2071 caedis,
277 2032 305 2071 1,
327 2032 380 2073 59,
403 2032 452 2063 10.
473 2050 511 2054 —
532 2035 604 2064 tum
625 2043 665 2074 q.,
690 2033 720 2072 9,
752 2033 800 2073 13,

129 2076 160 2108 9.
183 2095 226 2099 -
247 2076 544 2119 quantum—plur,
569 2088 595 2109 s.
617 2080 647 2118 ὁ,
667 2079 719 2118 21,
743 2079 800 2118 14,

129 2122 160 2161 3,
186 2122 235 2162 10,
255 2123 286 2154 2.
308 2140 353 2145 —
375 2122 529 2163 sollicita,
552 2124 607 2165 29,
632 2124 684 2164 23,
712 2126 739 2157 1.
759 2142 801 2147 —

128 2169 198 2199 iam
217 2167 281 2209 vgl.
300 2169 331 2207 5,
349 2168 402 2209 39,
420 2168 451 2200 6.

173 2214 271 2245 4-7.
302 2213 350 2244 ad
378 2214 423 2253 Ιι.,
457 2225 485 2244 c.
518 2214 572 2255 29,
601 2214 632 2245 4.
664 2233 707 2237 -
736 2225 802 2256 qua

128 2259 260 2290 scheint
276 2259 350 2290 hier
367 2258 549 2290 pronomen
567 2270 608 2290 zu
626 2260 709 2299 sein,
734 2261 802 2301 vgl.

128 2304 167 2336 de
186 2304 292 2336 ordin.
319 2314 387 2346 rep.
419 2305 448 2345 l,
472 2306 506 2336 5:
544 2315 650 2348 prava
675 2307 730 2337 ria
751 2307 804 2337 in-

125 2360 286 2390 gv=essus;
311 2354 405 2382 sonst
428 2349 475 2381 ist
492 2360 527 2381 es
545 2351 704 2392 Adverb.,
728 2361 754 2382 s.
773 2351 805 2391 4,

130 2395 184 2435 39,
201 2394 239 2433 2;
257 2395 310 2437 29,
321 2396 351 2436 2,
363 2396 382 2426 5
399 2406 428 2426 u.
442 2405 491 2433 εις
508 2395 573 2427 Cic.
586 2394 684 2428 Tusc.
700 2398 731 2437 5,
750 2396 804 2436 39,

134 2440 211 2472 115:
234 2451 299 2482 qua
321 2440 411 2472 vellet
435 2440 572 2482 ing-redi
584 2444 705 2483 posset,
733 2441 802 2481 vgl.

130 2483 167 2516 L.
196 2486 225 2524 8,
254 2486 307 2525 35,
336 2486 367 2525 9,
395 2485 645 2527 gewiihnlichcr
672 2487 717 2518 ist
745 2488 806 2518 der

132 2530 322 2562 Aceusativ.
348 2548 388 2553 -—
414 2532 529 2573 praef.
554 2542 631 2571 soc„
659 2542 686 2564 s.
704 2543 745 2563 zu
775 2533 805 2571 8,

132 2575 184 2614 36,
203 2577 233 2607 ϋ.
248 2594 290 2598 -
303 2575 396 2618 apud
406 2587 446 2617 q.,
462 2588 526 2609 von
541 2577 616 2618 ihm,
634 2577 667 2608 in
682 2577 805 2608 seinem

131 2618 260 2662 lii-eise,
281 2623 348 2661 vgl.
364 2624 393 2662 δ,
410 2626 440 2663 ὃ,
459 2623 513 2653 11;
531 2622 805 2665 upudprc'ucipes.

199 2687 254 2713 Tit.
274 2688 332 2714 Liv.
353 2688 405 2716 111.
425 2689 448 2715 3.
462 2689 544 2717 Anu.

875 1669 1233 1711 —tatztutlz—fztt‘sse,
1260 1670 1294 1702 in
1328 1675 1412 1703 orat.
1442 1675 1552 1703 recta:

873 1716 906 1746 sl
920 1716 1098 1755 venissent,
1114 1717 1376 1758 tantum—suit,
1397 1718 1442 1755 ut,
1468 1727 1495 1748 s.
1521 1718 1553 1756 3,

875 1760 928 1801 72,
947 1761 976 1792 7.
996 1779 1039 1783 —
1053 1760 1189 1803 pudore,
1209 1762 1261 1802 27,
1282 1763 1334 1804 12,
1351 1763 1401 1794 15.
1416 1761 1554 1793 -αἰίο-

873 1807 939 1847 qui,
954 1811 1059 1846 sonst,
1081 1806 1125 1837 im
1143 1805 1319 1848 Uebrigcn.
1338 1826 1381 1831 —
1395 1817 1456 1851 pro
1475 1818 1500 1839 υ.
1523 1808 1553 1849 2,

874 1852 904 1891 7,
921 1853 952 1883 3.

919 1897 1041 1930 8—10.
1074 1897 1314 1939 clrcmneand„
1339 1898 1370 1938 8,
1389 1898 1444 1938 36,
1461 1900 1492 1930 6.
1510 1915 1555 1921 --

873 1941 933 1983 illi,
957 1943 989 1982 3,
1014 1944 1069 1983 ol,
1096 1944 1146 1976 14.
1167 1963 1205 1967 —
1227 1946 1328 1975 eoetra
1350 1954 1376 1976 c.
1401 1954 1469 1984 ex„
1493 1954 1553 1975 aus

873 1988 945 2019 dem
973 1987 1084 2027 Lagei·
1112 1989 1231 2021 hinaus
1260 1988 1325 2021 wie
1355 1989 1424 2021 sich
1451 1992 1555 2021 eoetra

873 2034 957 2064 auch
982 2033 1036 2065 bei
1054 2034 1188 2067 Verben
1205 2035 1265 2066 dei·
1283 2034 1470 2076 Bewegung
1494 2034 1554 2066 fin-

873 2079 938 2116 det,
959 2079 1027 2119 vgl.
1046 2080 1076 2119 3,
1096 2080 1126 2118 4,
1146 2080 1164 2110 8
1182 2082 1281 2112 intra.
1301 2099 1344 2103 --
1360 2082 1500 2123 pugnat.
1520 2091 1551 2111 n.

874 2124 963 2156 illos:
987 2124 1036 2156 sie
1063 2125 1178 2157 waren
1201 2126 1233 2157 in
1259 2126 1318 2157 der
1341 2125 1443 2166 Lage,
1473 2126 1551 2157 dass

874 2169 923 2201 sie
939 2188 982 2193 —
999 2170 1150 2212 wiirden,
1170 2172 1329 2204 miissten.
1347 2190 1388 2194 —-
1406 2171 1553 2211 dubiam,

874 2226 970 2247 wenn
995 2226 1069 2247 man
1087 2215 1217 2258 k'ampfe
1241 2217 1291 2249 sei
1313 2217 1373 2249 der
1389 2217 1469 2257 Sieg
1486 2226 1554 2248 we-

876 2260 1024 2301 nigstens
1058 2272 1121 2293 nur
1155 2262 1344 2303 ungewiss3
1379 2263 1439 2294 der
1465 2272 1552 2293 com-

875 2306 984 2338 munis
1014 2305 1106 2338 Mars
1140 2307 1232 2339 belli.
1265 2326 1308 2330 —-
1340 2311 1440 2349 atque
1471 2309 1554 2338 iuer.

876 2352 922 2383 ist
952 2362 1119 2393 genauere
1148 2353 1373 2393 Bestimn-iung
1400 2363 1465 2384 von
1491 2363 1555 2383 ηα-

875 2396 950 2437 clus,
983 2397 1078 2429 beide
1110 2408 1297 2430 zusammen
1335 2397 1556 2438 entsprechen

877 2442 942 2473 wie
958 2444 1103 2475 armates
1125 2443 1197 2474 dem
1215 2447 1328 2475 ersten
1347 2442 1460 2474 ssefehl
1477 2441 1497 2483 ξ
1515 2443 1553 2474 5:

875 2497 976 2519 arma
1008 2498 1143 2530 capere,
1174 2489 1322 2528 dagegen
1362 2488 1555 2519 dimicanti-

877 2533 937 2563 bus
960 2534 1024 2564 und
1048 2534 1174 2564 lcoslem
1203 2536 1334 2564 maneat
1357 2534 1429 2565 dem
1452 2533 1555 2564 zwei-

877 2582 933 2608 ten
950 2580 1046 2620 sequi
1061 2590 1096 2610 se
1115 2583 1178 2610 etc.
1208 2597 1251 2602 —-
1277 2579 1366 2611 host.
1389 2589 1494 2617 man„
1523 2578 1553 2618 2,

878 2624 933 2664 40,
951 2625 982 2654 t).

1226 2681 1269 2714 29
