1763 2983
115 176 139 195 a.
163 168 214 194 ei..
235 168 286 193 299
626 166 750 198 LIBER
768 166 812 199 x.
854 165 946 199 CAP.
975 167 1026 200 11.
1451 167 1531 207 399

115 269 205 309 belli
225 275 382 321 accepto
404 271 497 309 deos
520 281 590 321 pro
611 282 651 308 se
673 269 916 308 commisisse
933 270 1078 309 bellum
1097 276 1361 310 memorantes
1378 270 1532 310 Etrusci

114 327 307 366 sustu-lere
326 327 488 366 animos.
521 326 666 365 Romae
688 339 777 366 cum
800 326 993 366 desiderio
1015 327 1085 366 viri
1106 333 1192 367 tum
1210 327 1532 368 incommoditate
1562 335 1580 366 3

115 384 304 436 temporis
325 384 446 423 tristis
467 383 630 423 nuntius
653 383 739 429 fuit,
763 389 806 423 ut
827 389 955 434 patres
976 384 1022 423 ab
1040 384 1211 424 iubendo
1234 385 1419 424 dictatore
1441 397 1536 424 con-

115 441 210 480 sulis
233 440 471 492 subrogandi
493 440 649 480 comitia
671 453 715 479 ex
737 441 932 479 sententia
962 441 1181 493 principum
1204 442 1331 481 habita
1353 443 1532 481 deterru-

115 497 226 536 erint.
285 497 334 536 M.
366 497 563 536 Valerium
595 498 797 536 consulem
829 509 968 536 omnes
999 498 1217 538 sententiae
1256 499 1533 551 centuriaeque
1563 503 1583 534 4

117 555 260 600 dixere,
293 567 410 606 quem
434 561 593 593 senatus
617 555 847 593 dictatorem
871 554 946 593 dici
966 554 1146 594 iussurus
1172 558 1311 595 fuerat.
1361 562 1447 595 tum
1469 569 1537 595 ex-

114 611 259 662 templo
280 611 321 649 in
342 611 537 650 Etruriam
561 611 608 650 ad
637 611 809 663 legiones
837 611 1030 663 proticisci
1060 612 1183 651 iussit.
1234 613 1423 652 adventus
1450 613 1533 652 eius
1564 620 1583 650 5

114 667 332 720 conpressit
353 668 538 707 Etruscos
560 669 670 715 adeo,
703 674 745 707 ut
767 681 885 707 nemo
909 673 1017 707 extra
1045 669 1290 708 munimenta
1311 670 1441 721 egredi
1467 683 1537 709 au-

116 725 235 771 deret,
258 725 456 777 timorque
477 725 653 776 ipsorum
677 725 871 765 obsidioni
892 725 1030 764 similis
1052 731 1168 764 esset.
1206 738 1335 778 neque
1352 727 1437 765 illos
1459 739 1532 766 no·
1565 733 1584 764 6

115 795 184 821 vus
213 782 350 821 consul
380 782 575 821 vastandis
605 782 703 834 agiis
731 783 969 834 urendisque
998 783 1129 829 tectis,
1159 796 1249 822 cum
1278 784 1424 834 passim
1453 796 1535 822 non

116 839 225 878 villae
247 839 373 878 solum
395 840 464 878 sed
485 840 711 891 frequentes
733 853 891 892 quoque
912 837 984 879 vici
1005 840 1200 880 incendiis
1222 840 1432 888 fumarent,
1465 841 1536 880 eli-

117 908 202 935 cere
223 896 270 935 ad
293 902 491 935 certamen
513 896 652 948 potuit.

227 954 324 992 Cum
345 953 420 993 hoc
441 954 597 1004 segnius
618 953 763 993 bellum
786 953 969 1005 opinione
991 958 1104 999 esset,
1127 954 1284 993 alterius
1306 954 1406 999 belli,
1429 954 1534 1005 quod
1565 961 1582 991 7

116 1009 248 1049 multis
269 1011 309 1049 in
331 1010 455 1050 vicem
477 1011 651 1051 cladibus
682 1010 785 1049 haud
807 1011 992 1050 inmerito
1014 1011 1183 1050 terribile
1205 1016 1300 1057 erat,
1336 1012 1437 1050 fama
1469 1011 1536 1049 Pi—

115 1067 287 1106 centium
310 1079 502 1107 novorum
532 1068 729 1107 sociorum
762 1067 904 1107 indicio
934 1073 1068 1108 exorta
1097 1074 1176 1108 est:
1209 1068 1406 1107 Samnites
1433 1079 1540 1107 arma

115 1129 154 1163 et
174 1124 426 1163 rebellionem
449 1130 636 1176 spectare,
661 1137 781 1177 seque
804 1124 848 1164 ab
871 1125 917 1164 iis
939 1125 1164 1165 sollicitatos
1183 1138 1281 1165 esse.
1312 1125 1535 1165 Picentibus
1566 1129 1584 1161 S

116 1181 259 1230 gratiae
281 1186 388 1220 actae
410 1188 448 1220 et
468 1193 608 1233 magna
629 1195 717 1233 pars
739 1194 852 1221 curae
874 1182 1051 1233 patribus
1073 1183 1119 1222 ab
1141 1183 1296 1221 Etruria
1319 1182 1360 1222 in
1378 1182 1535 1222 Samni-

115 1243 173 1276 tes
195 1250 302 1277 versa
325 1245 393 1277 est.
437 1239 572 1278 caritas
594 1240 711 1278 etiam
734 1251 909 1279 annonae
931 1239 1134 1279 sollicitam
1164 1240 1359 1279 civitatem
1387 1239 1535 1285 hahuit,
1564 1249 1583 1280 9

116 1300 357 1347 ventumque
374 1296 419 1334 ad
437 1296 590 1347 inopiae
600 1296 783 1335 ultimum
797 1297 911 1343 foret,
931 1302 973 1336 ut
989 1297 1195 1348 scripsere,
1216 1296 1358 1348 quihus
1369 1296 1534 1336 aedilem

114 1351 236 1391 fuisse
260 1365 304 1391 eo
326 1365 429 1392 anno
452 1353 617 1392 Fabium
634 1352 846 1392 Maximum
867 1354 1003 1404 placet,
1025 1354 1066 1392 ni
1089 1354 1172 1393 eius
1195 1353 1266 1393 viri
1288 1366 1391 1401 cura,
1414 1354 1535 1405 qualis

113 1491 184 1523 dem
192 1501 265 1523 man
281 1491 314 1523 in
329 1491 455 1523 diesem
464 1490 786 1532 Ereigniss—fand‚

112 1547 139 1568 s.
161 1537 189 1576 1,
208 1536 263 1578 23,
280 1537 311 1568 4.
331 1547 447 1581 —pro
467 1548 512 1578 se,
536 1538 564 1577 5,
591 1538 641 1577 17,
661 1538 692 1577 7,
717 1539 785 1579 vgl.

864 1493 894 1531 5,
925 1492 974 1525 14.
999 1510 1044 1515 -
1067 1502 1182 1525 omnes
1209 1503 1248 1534 3.,
1278 1493 1332 1525 die
1363 1492 1534 1525 einzelnen

861 1538 1020 1570 Stimmen
1046 1537 1081 1570 iu
1100 1539 1164 1570 den
1183 1537 1376 1578 Centmien,
1401 1539 1535 1579 suffra-

115 1582 168 1620 21,
191 1583 246 1623 40,
275 1582 326 1614 11.
345 1602 386 1605 -
404 1584 590 1623 commisso,
617 1582 648 1623 S,
676 1583 730 1625 25,
755 1586 784 1616 5.

113 1645 156 1650 —
174 1627 294 1659 bellum
320 1629 403 1660 nach
427 1628 503 1660 belli
531 1629 575 1660 ist
599 1629 667 1660 wol
686 1629 785 1661 beab-

114 1672 264 1713 sichtigt.
284 1692 325 1696 —
344 1676 392 1713 ut,
411 1684 446 1705 so
462 1674 538 1705 dass
556 1685 587 1705 u.
603 1684 628 1705 s.
644 1684 685 1705 w.
718 1675 786 1706 Der

114 1718 213 1750 Senat
242 1719 328 1749 hielt
363 1719 463 1750 3611011
498 1719 551 1751 die
582 1719 786 1761 Eruennung

116 1763 207 1795 eines
240 1763 412 1796 Dictators
453 1762 507 1795 fiir
546 1765 680 1806 nothig,
719 1766 784 1797 und

112 1809 227 1840 wurde
246 1820 308 1840 nur
325 1809 428 1841 durch
441 1810 503 1841 den
518 1809 689 1852 Umstand,
708 1811 784 1843 dass

115 1854 147 1885 in
171 1855 232 1886 den
259 1854 421 1886 Comitien
446 1855 521 1887 eine
547 1856 607 1887 der
632 1856 783 1897 Ansicht,

113 1899 184 1931 dem
217 1899 388 1932 Wunsche
429 1901 486 1932 des
527 1901 667 1933 senates
711 1907 783 1934 ent-

113 1946 315 1987 sprechende
334 1947 390 1987 (eoe
407 1947 588 1986 sententia)
607 1946 711 1979 Wahl
729 1959 783 1980 61·-

116 1990 243 2033 folgte,
277 1991 385 2023 davon
418 1992 635 2033 abgehalten3
679 1992 781 2026 Gron.

112 2045 213 2067 verm.
231 2036 314 2078 fuit..
325 2037 736 2080 patres—deterruerunt‚
750 2051 782 2071 11.

111 2091 184 2113 man
214 2087 377 2115 erwartet
398 2085 533 2115 tantum
557 2083 611 2116 bei
636 2087 783 2126 comitia,

111 2126 180 2167 vgl.
200 2127 252 2167 22,
270 2129 325 2170 45,
344 2129 374 2160 4.
393 2147 436 2151 —
453 2129 600 2171 iubendo,
626 2141 653 2162 c.
674 2130 703 2171 8,
725 2131 782 2171 113

115 2172 141 2211 l,
161 2172 214 2213 22,
238 2175 265 2214 1,
283 2173 414 2206 erkliirt
433 2175 504 2206 sich
517 2185 576 2207 aus
592 2174 660 2207 diez·
670 2178 782 2208 iussu-

110 2227 169 2250 rus
185 2221 259 2250 erat
274 2231 304 2251 n.
323 2230 344 2251 α
361 2220 513 2259 οοηεαῖες
533 2230 568 2252 63
588 2221 634 2253 ist
652 2222 709 2254 das
728 2222 782 2254 die

111 2263 213 2295 Wahl
231 2264 289 2296 des
307 2265 477 2298 Dictators
497 2267 709 2299 anordnende
724 2268 782 2299 Se-

110 2311 332 2342 natsconsult

155 2355 217 2386 4—-
223 2357 253 2387 5.
289 2355 478 2397 Valerium,
508 2367 534 2388 S.
561 2357 646 2390 Pliu.
674 2359 702 2399 7,
726 2359 781 2401 48,

114 2400 192 2432 157.
221 2399 265 2433 M.
287 2401 307 2434 l
312 2401 446 2434 Ualerius
471 2383 635 2436 ’Cominus
663 2404 695 2436 C.
722 2415 781 2436 an-

111 2455 170 2476 nos
187 2446 342 2490 z'nplevit,·
373 2450 466 2480 euius
482 2450 569 2481 τ’·71ί67
582 2452 733 2492 ,mimam
750 2453 781 2482 et

111 2493 240 2523 sea-tum
288 2494 497 2526 consulatum
541 2495 661 2528 XLVI
702 2498 785 2528 (ιηηί

111 2537 220 2577 suere,
229 2538 351 2571 61161130
363 2540 450 2572 viele
459 2541 638 2573 consulate
650 2542 781 2573 scheint

113 2581 148 2612 L.
167 2583 298 2621 geziihlt
315 2595 355 2616 zu
368 2586 485 2627 haben,
502 2597 529 2618 s.
550 2587 580 2627 7,
595 2587 649 2626 26,
668 2588 735 2628 vgl.
752 2597 779 2619 c.

856 1585 929 1625 gia,
948 1584 1032 1615 auch
1056 1586 1244 1616 sententiae
1268 1588 1432 1624 genannt3
1461 1583 1534 1616 Val.

860 1629 949 1661 Max.
971 1629 1001 1669 9,
1024 1630 1074 1670 12,
1094 1631 1132 1661 7:
1152 1629 1230 1661 dum
1249 1631 1428 1661 sententiae
1451 1628 1535 1662 dire?-

857 1675 1029 1716 berentzzr,
1056 1675 1123 1715 vgl.
1145 1675 1176 1717 8,
1196 1675 1249 1715 37,
1278 1678 1337 1715 113
1371 1674 1484 1716 Lange
1504 1676 1534 1716 2,

859 1721 935 1752 455.
952 1739 993 1742 —
1008 1720 1136 1761 cliwere,
1157 1722 1266 1759 3.0.9,
1283 1723 1332 1754 10.
1348 1740 1390 1743 —
1406 1722 1532 1753 iussur.

847 1767 898 1807 f.,
925 1777 954 1797 11.
981 1776 1013 1797 w
1017 1777 1079 1798 61111
1097 1766 1150 1798 die
1172 1766 1275 1798 wahl
1293 1767 1384 1799 nicht
1403 1777 1439 1798 so
1458 1776 1535 1798 aus-

858 1810 1003 1852 gefallen
1033 1812 1208 1844 11316-
1235 1814 1346 1852 lasset,
1377 1823 1402 1843 s.
1432 1823 1473 1843 zu
1502 1812 1534 1852 2,

857 1857 910 1895 63,
930 1857 966 1895 3,
988 1858 1054 1898 v.gl
1074 1869 1102 1889 c.
1122 1857 1173 1898 16,
1194 1859 1228 1895 1·
1248 1858 1301 1899 32,
1320 1858 1358 1897 3,
1377 1857 1534 1889 sonstist

857 1902 916 1935 der
934 1902 1089 1935 Dictator
1106 1913 1225 1936 ausser
1250 1903 1282 1935 in
1310 1902 1534 1943 Geldangele-

855 1949 1046 1989 genheiten,
1076 1959 1101 1980 3.
1128 1949 1183 1990 22,
1212 1949 1265 1991 23,
1291 1951 1322 1991 5,
1350 1950 1442 1981 nicht
1468 1960 1531 1981 von

856 1995 928 2026 dem
937 1994 1059 2027 Senate
1073 1994 1248 2036 abhangig.
1262 2013 1305 2018 —
1319 1995 1420 2027 obsid.
1430 2010 1473 2022 z
1488 1996 1533 2027 ti-

860 2040 947 2072 mori
971 2040 1079 2083 qualis
1104 2040 1317 2073 obsessorum
1337 2051 1411 2074 esse
1434 2041 1533 2082 solet,

857 2096 883 2117 s.
906 2086 936 2126 S,
957 2086 1008 2127 18,
1030 2088 1065 2119 11

903 2177 1026 2209 7—10.
1064 2179 1098 2208 in
1126 2179 1241 2217 vicem,
1272 2177 1463 2211 attributiv.
1490 2198 1531 2201 —-

856 2232 954 2264 seque
964 2241 1007 2246 —
1017 2222 1221 2262 sollicitatos,
1254 2224 1533 2256 wahrscheinlich

856 2268 953 2299 stand
971 2268 1082 2300 dieses
1100 2269 1160 2300 mit
1177 2269 1250 2301 dem
1269 2280 1295 2301 c.
1320 2271 1360 2303 10
1380 2271 1532 2302 erw'sihn-

855 2317 911 2345 ten
936 2314 1102 2346 Biindniss
1128 2315 1161 2346 111
1179 2314 1379 2356 Beziehung,
1405 2316 1459 2348 (lie
1477 2315 1532 2347 Pi-

856 2364 973 2391 center
1014 2361 1120 2393 haben
1154 2360 1208 2392 die
1246 2360 1531 2393 vortheilhafterc

854 2405 1073 2446 Verbindung
1105 2406 1166 2438 mit
1196 2406 1275 2437 Rom
1306 2407 1462 2447 gewiihlt.
1489 2426 1530 2429 ——

855 2453 985 2483 caritas
1001 2462 1044 2491 a.,
1069 2452 1116 2484 ist
1134 2452 1231 2493 lange
1256 2452 1347 2484 nicht
1367 2452 1530 2492 erwiihnt,

856 2497 1139 2529 wahrscheinlich
1180 2502 1294 2538 sorgte
1328 2497 1529 2541 Campanien

858 2541 911 2574 siir
928 2543 1165 2575 hinreichende
1186 2543 1363 2583 Vorrl‘ithe,
1383 2554 1410 2575 3.
1430 2544 1460 2585 7,
1476 2544 1531 2585 31,

859 2590 883 2620 1.
924 2606 966 2611 »-
1000 2591 1045 2620 in.
1075 2588 1243 2628 ultimum,
1270 2588 1324 2629 28,
1351 2589 1404 2629 28,
1431 2589 1461 2621 8.
1487 2607 1528 2612 ——
