1763 2983
106 1003 140 1035 17

106 1282 143 1315 18

97 1393 148 1431 14

171 208 251 247 214

615 201 739 235 LIBER
766 202 849 236 Vlll.
888 201 980 235 CAP.
1011 203 1060 236 13.
1092 204 1138 236 14.

1429 210 1452 229 a.
1473 210 1499 229 u.
1519 203 1584 229 416.

169 310 258 363 pida
280 309 414 349 Latina
437 307 568 347 omnia
591 311 629 345 et
650 306 808 346 Antium
831 319 877 345 ex
898 306 1044 346 volscis
1066 311 1132 346 aut
1151 306 1186 345 vi
1209 311 1319 358 capta
1344 312 1410 346 aut
1430 311 1584 358 recepta

103 375 141 406 13
172 368 210 407 in
233 367 472 406 deditionem
496 363 697 416 praesidiis
713 368 898 404 tenentur
914 363 1063 403 vestris.
1094 363 1241 416 reliqua
1261 363 1493 404 consultatio
1512 368 1584 410 est,

172 425 357 476 quoniam
378 421 601 462 rebellando
624 421 777 472 saepius
800 433 870 460 nos
893 420 1117 467 sollicitant,
1149 433 1320 472 quonam
1349 421 1468 460 modo
1492 431 1584 471 per-

104 494 141 526 14
171 486 289 533 petua
310 493 403 533 pace
425 479 579 531 quietos
601 477 859 518 obtineamus.
903 478 939 515 di
962 478 1195 516 ‘inmortales
1226 477 1276 516 ita
1306 490 1375 517 vos
1404 482 1585 529 potentes

170 537 287 577 huius
310 537 459 576 consilii
480 536 671 582 fecerunt,
695 540 749 582 ut,
773 535 822 574 sit
839 535 991 574 Latium
1014 534 1170 580 deinde,
1194 545 1240 572 an
1265 545 1347 573 non
1369 534 1432 581 sit,
1456 534 1498 572 in
1519 545 1586 572 ve-

170 599 250 633 stra
271 606 390 634 manu
412 592 634 644 posuerint:
665 592 793 643 itaque
815 604 949 643 pacem
970 589 1103 637 vobis,
1134 591 1239 641 quod
1269 591 1314 630 ad
1337 590 1497 630 Latinos
1527 594 1585 628 at-

170 651 280 699 tinet,
302 662 438 703 parare
459 650 499 689 in
520 654 755 702 perpetuum
773 649 832 687 vel
854 648 1058 687 saeviendo
1076 647 1135 685 vel
1157 647 1393 698 ignoscendo
1411 647 1585 699 potestis.

104 720 143 752 15
172 708 287 748 vultis
305 707 513 747 crudeliter
529 705 734 746 consulere
752 706 790 743 in
808 705 958 743 deditos
977 704 1200 756 victosque3
1218 704 1306 744 licet
1323 705 1453 744 delere
1470 715 1586 743 omne

173 765 339 813 Latium,
362 769 488 803 vastas
508 764 598 802 inde
619 762 849 801 solitudines
872 762 1011 808 facere,
1034 761 1135 800 unde
1157 761 1287 801 sociali
1305 762 1459 813 egregio
1477 773 1588 801 exer-

106 832 142 865 16
173 822 251 862 citu
279 834 351 874 pel·
382 822 501 860 multa
532 820 632 859 bella
664 831 879 870 magnaque
909 831 1024 870 saepe
1047 818 1104 857 usi
1127 819 1238 857 estis:
1271 819 1387 859 vultis
1409 819 1588 870 exemplo

174 880 365 919 maiorum
396 889 538 929 augere
568 888 650 915 rein
674 876 892 915 Romanam
915 876 1035 915 victos
1064 875 1102 914 in
1125 876 1319 915 civitatem
1342 875 1587 928 accipiendo3

174 936 333 976 materia
355 934 555 974 crescendi
577 945 646 984 per
666 945 861 972 summam
883 933 1042 984 gloriam
1066 933 1299 984 suppeditat.
1337 939 1440 972 certe
1461 932 1499 971 id
1521 932 1589 971 fir-

172 993 395 1032 missimum
418 993 528 1043 longe
550 989 758 1041 imperium
786 995 857 1035 est,
892 1003 969 1041 quo
1001 989 1257 1029 oboedientes
1290 990 1469 1041 gaudent..
1521 989 1588 1028 sed

174 1054 368 1089 maturato
391 1061 489 1100 opus
513 1053 589 1093 est,
621 1046 808 1098 quidquid
831 1051 1003 1086 statuere
1025 1047 1169 1098 placet:
1202 1051 1259 1085 tot
1289 1048 1456 1099 populos
1486 1046 1589 1085 inter

174 1119 284 1158 spem
307 1110 535 1156 metumque
556 1116 767 1155 suspensos
789 1103 907 1143 animi
928 1103 1092 1150 hahetis,
1122 1109 1161 1142 et
1181 1109 1349 1142 vestram
1378 1103 1509 1155 itaque
1539 1103 1587 1141 de

174 1163 228 1202 eis
251 1174 384 1202 curam
407 1174 525 1214 quam
547 1160 719 1212 primum
741 1160 899 1205 absolvi,
923 1165 961 1198 et
982 1160 1136 1199 illorum
1159 1160 1321 1208 animos,
1352 1160 1446 1199 dum
1468 1172 1588 1211 expe-

173 1219 344 1259 ctatione
365 1222 536 1270 stupent,
567 1229 636 1256 seu
656 1229 782 1268 poena
812 1230 882 1256 seu
903 1216 1093 1255 beneficio
1115 1217 1391 1268 praeoccupari
1422 1221 1588 1268 oportet.

172 1281 354 1315 nostrum
376 1275 451 1314 fuit
472 1275 638 1319 efficere,
669 1278 713 1313 ut
735 1274 909 1312 omnium
932 1286 1064 1312 rerum
1090 1273 1197 1312 vohis
1228 1274 1274 1313 ad
1305 1273 1589 1313 consulendum

173 1336 348 1384 potestas
366 1336 480 1377 esset,
500 1335 673 1369 vestrum
692 1335 752 1369 est
768 1330 993 1376 decernere,
1005 1330 1108 1381 quod
1126 1331 1319 1382 optimum
1330 1330 1439 1370 vobis
1456 1330 1590 1381 reique

174 1389 352 1441 publicae
373 1388 463 1427 sit.“
514 1387 714 1438 Principes
737 1392 896 1426 senatus
917 1387 1149 1426 relationem
1171 1388 1343 1426 consulis
1368 1387 1416 1426 de
1437 1399 1591 1426 summa

176 1487 427 1529 Wortstellung
445 1498 472 1520 s.
492 1488 519 1527 1,
531 1487 844 1529 28,4.—-Antz'am,

174 1534 245 1567 also
271 1533 323 1566 die
348 1532 541 1574 wichtigste
566 1532 680 1570 Stadtg
705 1532 757 1565 die
781 1532 845 1564 Er-

175 1580 323 1621 oberung
336 1578 481 1611 istnicht
490 1578 671 1609 besonders
680 1577 844 1609 erwiihnt.

173 1643 217 1648 -
240 1634 304 1657 rec.
330 1625 364 1655 z‘n
389 1622 506 1663 dedit„
531 1622 778 1663 gew'ohnlicher
801 1622 845 1654 ist

174 1672 209 1702 z'n
232 1669 305 1702 ded.
330 1670 502 1712 accipere,
532 1668 617 1700 doch
645 1667 746 1700 findet
775 1667 846 1700 sich

176 1715 228 1757 21,
247 1716 301 1755 61,
321 1715 355 1745 7:
373 1715 408 1746 z'n
424 1715 479 1745 ias
496 1713 720 1755 dicionemque
737 1723 846 1757 recep-

174 1762 234 1799 ²5³3
278 1760 372 1792 Caes.
390 1758 425 1790 B.
447 1757 485 1791 G.
504 1759 543 1799 3,
563 1758 620 1797 21,
645 1758 675 1790 3.
694 1777 737 1781 -—
767 1768 847 1800 quo-

175 1806 278 1845 niam,
296 1804 361 1835 wie
379 1814 414 1835 es
427 1803 553 1836 bereits
567 1804 763 1846 geschehen,
783 1804 846 1835 und

175 1850 232 1883 fiir
255 1850 309 1881 die
333 1847 481 1881 Zukunft
504 1860 544 1880 zu
569 1853 736 1881 erwarten
762 1859 846 1889 war,

176 1895 279 1927 daher
302 1894 394 1926 nicht
417 1904 467 1925 ne.
493 1913 535 1917 ———
562 1896 628 1935 ita,
653 1894 687 1925 in
713 1894 847 1926 solcher

176 1940 413 1981 Ausdehnung,
432 1939 508 1971 dass
527 1949 562 1971 es
576 1949 660 1980 ganz
677 1939 709 1971 in
728 1949 847 1971 euerer

177 1985 270 2017 Hand
296 1984 390 2025 liegt.
418 2002 462 2007 ——-
481 1987 643 2028 potentes,
667 1995 691 2016 s.
715 1984 767 2027 22,
793 1985 846 2026 42,

182 2031 220 2065 12
229 2041 260 2062 u.
271 2041 353 2063 a.—
369 2030 423 2068 sit,
441 2029 573 2070 kiinftig
591 2029 663 2062 sein
681 2030 758 2070 soll,
778 2030 844 2071 vgl.

178 2086 204 2107 c.
226 2075 280 2117 34,
299 2077 335 2108 5:
354 2077 448 2106 esset.
467 2093 510 2098 -—
528 2074 720 2107 vultis-:si
734 2075 846 2115 vultis,

178 2131 204 2152 5.
224 2120 327 2160 9,11‚
343 2119 550 2160 8;6‚15‚9;
570 2120 622 2159 22,
642 2121 845 2162 54‚11‚vgl.

180 2166 334 2207 1o‚17,5.
347 2164 528 2197 —deditos
545 2168 690 2208 victosq„
708 2165 761 2197 die
777 2166 847 2197 bei-

180 2211 241 2243 den
259 2210 280 2253 §
298 2210 317 2242 8
344 2210 407 2241 und
435 2211 473 2241 12
499 2211 732 2244 bezeichneten
753 2210 847 2242 Clas-

179 2266 250 2297 sen,
268 2255 395 2297 Stiidte,
419 2255 471 2288 die
490 2256 562 2288 sich
578 2267 641 2288 vor
658 2258 739 2289 oder
765 2257 845 2288 nach

179 2302 250 2334 dem
275 2301 371 2341 Siege
396 2301 468 2340 (der
491 2301 726 2342 Erstiirmung)
752 2311 847 2343 erge-

177 2347 239 2378 ben
264 2346 387 2386 haben,
418 2347 499 2378 iiber
523 2358 583 2388 que
616 2359 641 2381 s.
661 2350 692 2389 3,
711 2350 763 2387 55,
788 2348 845 2386 133

180 2393 233 2433 10,
250 2393 281 2434 9,
299 2393 329 2424 4.
354 2411 395 2414 —
423 2392 603 2425 inde=coe
625 2396 667 2426 effe's
689 2394 777 2425 loeis.
806 2413 846 2417 —

178 2438 306 2477 sociali,
331 2448 356 2469 s.
377 2437 412 2477 7,
436 2439 496 2478 25,
523 2438 552 2469 7.
579 2457 621 2462 —
645 2451 741 2484 saepe
766 2439 848 2471 nach

178 2484 276 2516 mulii
291 2484 321 2523 2,
340 2484 394 2525 35,
413 2484 443 2515 8.
462 2501 505 2506 —
525 2484 720 2518 vultis-:sm
738 2485 845 2518 vultis.

178 2547 222 2552 —
239 2528 389 2571 eoeemplo
413 2530 491 2560 mai.
505 2555 514 2572 ,
536 2531 568 2569 l,
588 2533 628 2563 33
642 2559 649 2573 ‚
673 2533 697 2564 1.
718 2550 762 2554 ——
779 2542 847 2564 cre-

179 2574 299 2614 scendi,
324 2575 407 2606 dazu
426 2574 502 2606 dass
519 2575 578 2605 der
596 2578 691 2610 Stant
708 2576 847 2609 miichti-

180 2631 240 2660 ger
264 2620 367 2659 wird,
399 2619 505 2652 durch
534 2630 617 2655 neue
641 2625 778 2663 ssijrger,
809 2645 849 2650 „-

921 1486 1130 1531 suppeditat,
1164 1487 1374 1520 intransitiv.
1408 1505 1451 1510 —
1484 1487 1590 1531 longe,

920 1533 1007 1564 wird
1031 1532 1139 1564 selten
1163 1542 1200 1565 so
1226 1532 1457 1574 nachgestellt,
1485 1533 1516 1574 3,
1535 1534 1587 1575 27,

925 1578 951 1609 1.
978 1577 1048 1609 Zur
1065 1577 1170 1610 Sache
1189 1578 1257 1619 vgl.
1278 1589 1305 1610 c.
1324 1578 1377 1618 21,
1395 1578 1426 1610 4.

971 1623 1112 1656 17-18.
1143 1626 1188 1655 lot
1206 1623 1268 1655 wie
1286 1623 1383 1663 adeo,
1406 1620 1510 1665 praef.
1533 1623 1589 1654 ll:

922 1669 1005 1700 denn
1030 1678 1065 1700 es
1088 1668 1163 1700 sind
1186 1678 1223 1700 so
1248 1669 1338 1701 viele
1361 1667 1490 1701 Volker
1512 1678 1542 1699 u.
1563 1678 1588 1699 s.

922 1724 975 1754 w.‚
994 1713 1069 1745 dass
1088 1713 1141 1745 ihi·
1158 1724 1211 1745 um
1229 1713 1320 1746 Ruhe
1337 1725 1378 1745 zu
1394 1713 1499 1746 haben
1517 1713 1590 1745 ihre

923 1758 1159 1792 Verhiiltnisse
1200 1758 1317 1790 sobald
1358 1759 1408 1790 als
1443 1758 1590 1799 muglieh

922 1805 1047 1836 ordnen
1078 1804 1195 1836 miisst.
1218 1822 1263 1827 —
1290 1815 1383 1847 susp.
1406 1805 1529 1843 animi,
1559 1804 1590 1844 6,

922 1850 976 1889 36,
995 1849 1194 1891 8,-ίίατμιε
1209 1859 1249 1880 an
1267 1850 1328 1882 der
1344 1849 1470 1881 dritten
1484 1848 1591 1880 Stelle

922 1894 1023 1926 findet
1041 1894 1112 1926 sich
1137 1894 1294 1932 seltener,
1320 1895 1387 1936 vgl.
1406 1895 1437 1935 4,
1467 1895 1521 1934 54,
1551 1895 1589 1934 6;

922 1940 957 1978 6,
980 1940 1036 1980 17,
1055 1940 1074 1971 8
1092 1951 1121 1971 ιι.
1143 1949 1173 1971 a.
1198 1958 1238 1963 --
1262 1943 1414 1972 nostrum
1431 1944 1510 1981 etc.‚
1529 1938 1591 1970 Ca-

922 1985 1034 2017 millus
1050 1985 1107 2016 hat
1125 1984 1159 2016 in
1173 1984 1297 2017 seinem
1311 1985 1375 2017 und
1388 1985 1500 2017 seines
1515 1984 1591 2016 Col-

922 2031 1016 2071 legen
1035 2029 1162 2062 Namen
1181 2029 1329 2072 referirt,
1354 2030 1420 2062 und
1444 2030 1505 2062 den
1527 2028 1592 2062 Ge-

922 2076 1083 2116 genstand
1115 2075 1175 2107 der
1197 2075 1386 2115 Berathung
1408 2075 1452 2107 im
1475 2074 1592 2116 Allge·

922 2120 1049 2152 meinen
1069 2122 1216 2160 (summa
1233 2122 1362 2157 rerum)
1380 2120 1591 2153 bezeichnet:

922 2165 1001 2207 quid
1016 2165 1054 2197 de
1070 2165 1192 2198 deditis
1209 2168 1242 2198 et
1259 2167 1292 2198 vi
1304 2168 1413 2209 captis
1428 2166 1508 2209 fieri
1516 2165 1588 2209 pla-

921 2213 1027 2251 ceret,
1069 2211 1214 2243 dariiber
1245 2211 1484 2244 abzustimmen
1520 2211 1593 2243 kam

923 2257 989 2288 ihm
1007 2256 1057 2288 als
1076 2256 1256 2297 Magistrat
1274 2256 1364 2289 nicht
1380 2267 1431 2297 zu,
1450 2268 1475 2288 s.
1491 2267 1518 2289 c.
1537 2256 1590 2296 20,

927 2303 978 2342 12,
994 2302 1061 2343 vgl.
1080 2314 1106 2334 c.
1129 2305 1160 2343 4,
1182 2303 1209 2333 1:
1235 2321 1277 2325 —
1301 2301 1348 2334 ad
1362 2301 1513 2342 consult„
1536 2312 1589 2334 um

922 2348 1065 2380 dariiber
1082 2347 1168 2380 Rath
1191 2358 1231 2379 zu
1253 2349 1390 2389 pssegen,
1414 2347 1540 2379 Becker
1558 2347 1589 2388 2,

922 2395 953 2434 2,
971 2393 1047 2424 423.
1067 2412 1107 2416 —-
1131 2393 1317 2435 decernere,
1335 2393 1415 2424 nach
1435 2393 1494 2424 der
1509 2402 1590 2432 gan-

922 2451 981 2472 zen
1004 2440 1223 2481 Durstellung
1252 2439 1461 2472 entscheidet
1489 2438 1588 2470 allein

922 2489 980 2519 der
993 2488 1103 2528 Senat,
1122 2487 1205 2518 doch
1223 2486 1297 2519 sind
1315 2485 1381 2516 wol
1398 2485 1450 2516 die
1466 2484 1589 2516 Volks-

924 2532 1115 2565 beschliisse
1132 2532 1214 2563 iiber
1237 2533 1288 2564 die
1312 2531 1436 2563 civitas
1460 2531 1590 2562 mchrc-

922 2590 979 2611 rer
993 2579 1130 2611 Staaten
1149 2589 1211 2609 nur
1224 2577 1316 2611 nicht
1334 2576 1498 2615 erwiihnt,
1518 2586 1544 2607 s.
1560 2588 1587 2608 c.

926 2625 977 2665 17,
1000 2625 1056 2665 123
1077 2624 1130 2665 21,
1152 2624 1200 2656 10.
1228 2644 1269 2649 -
1293 2624 1348 2663 sz't,
1373 2622 1453 2655 nach
1472 2631 1591 2654 euerer
