1763 2983
64 157 88 175 a.
110 148 161 175 Ch.
179 147 235 175 216.
532 146 656 179 LIBER
680 145 806 179 XXIII.
841 146 932 179 CAP.
958 148 1011 180 27.

69 258 212 292 stlucta
238 251 285 291 ad
317 256 448 290 casua.
500 262 616 301 quem
648 255 691 288 ut
715 249 848 288 adesse
877 249 1117 288 tumultuose
1147 247 1274 286 nuntii
1304 259 1347 286 ac
1375 248 1525 285 refu-4

70 309 214 360 gientes
248 321 294 347 ex
325 306 491 359 speculis
513 306 821 357 stationibusque
842 306 1024 353 adtulere,
1052 305 1098 344 ad
1129 317 1235 343 arma
1266 304 1485 342 conclama-

72 373 152 405 tum
186 371 252 404 est.
294 370 338 403 ut
358 364 522 415 quisque
539 375 645 402 arma
667 368 830 414 ceper,at
859 363 942 401 sine
962 362 1139 426 iinpeiio,
1170 362 1252 400 sine
1274 361 1396 411 signo,
1423 355 1525 398 iri-5

71 422 286 473 compositi,
308 420 548 459 inordinati*
540 432 579 458 111
600 420 791 470 pioelium
813 424 945 458 luunt.
974 420 1050 458 iam
1073 418 1188 469 primi
1209 421 1489 456 conse1ue1ant

71 491 219 525 manus,
243 489 333 516 cuin
352 477 412 515 alii
434 477 653 515 catervatim
677 481 890 522 currerent,
917 476 976 515 alii
998 475 1176 514 nondum
1198 487 1217 513 e
1240 474 1371 512 castris
1384 473 1487 511 exis-

72 541 166 574 sent.
205 540 334 573 tamen
355 533 482 584 primo
507 533 589 584 ipsa
611 532 766 571 audacia
787 538 961 571 terruere
981 533 1156 578 hostem,
1189 530 1327 570 deinde
1347 530 1426 568 rari
1445 529 1486 568 in
1504 533 1525 565 6

70 593 265 630 confertos
295 590 421 637 inlati,
453 602 543 628 culn
574 589 744 640 paucitas
774 601 914 640 parum
944 595 1023 628 tuta
1054 593 1173 635 esset,
1203 587 1396 638 respicere
1425 586 1488 624 alii

68 648 160 686 alios
190 652 226 686 et
244 647 418 697 undique
439 647 540 698 pulsi
563 647 665 684 coire
687 646 727 684 in
750 646 898 692 orbem,
930 652 966 684 et
986 646 1079 684 dum
1106 658 1284 698 corpora
1307 643 1485 694 corpori-
1506 642 1524 672 7

67 704 141 743 bus
171 704 363 755 adplicant
390 715 574 754 armaque
605 703 722 741 armis
748 703 926 753 iungunt,
956 703 996 740 in
1025 707 1152 741 artum
1173 700 1363 751 conpulsi,
1395 711 1486 737 cum

67 760 362 799 vixvmovendis
393 760 508 798 armis
539 760 629 798 satis
660 759 770 809 spatii
800 765 910 805 esset,
941 770 1085 797 corona
1114 757 1283 796 hostium
1307 756 1420 795 cincti
1439 756 1486 794 ad

69 817 237 856 inultum
267 817 342 855 diei
373 816 607 862 caeduntur,
651 815 788 865 exigua
818 826 907 866 pars
939 815 1143 865 eruptione
1175 816 1271 852 facta
1301 813 1414 851 silvas
1444 824 1487 850 ac
1506 810 1525 842 8

68 879 220 912 montes
246 873 350 923 petit.
391 885 460 923 pai
463 884 554 922 ique
581 877 731 910 terrole
755 878 791 910 et
813 878 935 910 casua
957 877 1049 910 sunt
1070 871 1230 916 deserta,
1251 875 1288 908 et
1308 870 1488 908 universa

66 941 158 981 gens
188 935 346 980 postero
378 929 439 967 die
469 929 510 967 in
541 928 776 967 deditionem
805 930 921 968 venit.

178 986 257 1024 Nec
286 986 353 1024 diu
386 986 425 1023 in
456 991 567 1036 pacto
598 985 761 1023 mansit:
791 997 881 1024 nani
911 984 1076 1024 subinde
1099 983 1145 1022 ab
1169 982 1395 1033 Carthagine
1417 981 1486 1020 ad-
1507 978 1526 1009 9

64 1043 184 1081 latum
215 1048 282 1089 est,
307 1047 350 1080 ut
369 1042 494 1080 Hasdi
499 1041 587 1080 ubal
616 1041 743 1092 piimo
768 1054 925 1092 quoque
948 1047 1124 1092 teinpoie
1146 1041 1186 1078 in
1209 1040 1353 1078 Italiam
1374 1051 1488 1077 exer-

68 1099 187 1138 citum
218 1098 387 1145 duceret,
419 1110 517 1148 quae
549 1098 695 1149 volgata
728 1111 790 1136 res
822 1111 891 1149 per
916 1098 1141 1148 Hispaniam
1164 1096 1341 1134 omnium
1364 1097 1488 1133 ferme

67 1155 218 1194 animos
249 1155 294 1193 ad
316 1156 515 1194 Romanos
547 1155 691 1193 avertit.
734 1155 862 1205 itaque
882 1154 1100 1194 Hasdrubal
1130 1153 1322 1203 extemplo
1345 1152 1487 1190 litteras
1509 1153 1549 1185 10

69 1211 335 1262 Carthaginem
361 1212 474 1250 mittit
494 1211 682 1257 indicans,
706 1218 850 1262 quanto
866 1214 964 1250 fama
974 1210 1227 1262 profectionis
1240 1222 1332 1248 suae
1344 1209 1486 1247 damno

67 1391 111 1423 ist
137 1394 170 1424 in
207 1394 331 1433 aqmlue
358 1391 423 1422 und
463 1391 547 1422 311611
586 1391 659 1423 hier
692 1391 743 1422 die

68 1436 234 1468 Situation
258 1436 460 1468 undeutlich.

113 1483 213 1515 4—8.
239 1485 429 1514 tumultuose
466 1482 584 1522 geh'o'rt
615 1493 655 1513 zu
689 1486 744 1515 ad-

68 1530 178 1567 tulere,
206 1538 230 1561 S.
249 1538 276 1559 6.
300 1529 352 1563 31,
379 1530 417 1560 7:
442 1529 580 1569 eyreyz'e;
606 1530 660 1567 22,
690 1530 744 1567 28,

69 1575 127 1606 13:
161 1583 331 1616 prowm-33
369 1574 431 1613 21,
457 1574 511 1613 26,
541 1575 580 1615 43
605 1575 659 1613 26,
692 1575 743 1613 13,

66 1620 105 1659 ὃς
136 1618 180 1650 ih.
201 1619 239 1658 9,
266 1621 304 1652 6:
340 1621 567 1651 tumultuosius
591 1638 635 1642 -
662 1622 741 1651 exci-

64 1670 170 1704 veram
200 1663 266 1696 Cic.
284 1663 373 1696 Fam.
394 1666 445 1704 15,
471 1666 504 1704 4,
532 1666 569 1697 3:
596 1667 745 1707 leqati—

63 1713 312 1749 pertumultuose
335 1712 575 1742 nuntiaverunt.
597 1729 640 1733 —
659 1721 743 1742 uuu-

65 1758 104 1787 tiz·
143 1766 179 1787 ew
216 1757 299 1797 ref„
347 1755 398 1787 die
436 1754 557 1787 Posten
592 1755 651 1787 auf
674 1757 744 1791 gden

65 1801 178 1832 Hiihen
194 1801 299 1833 haben
315 1805 383 1832 erst
401 1801 501 1833 Boten
519 1802 743 1842 abgeschickt,

67 1847 152 1877 1131111
187 1846 240 1878 bei
269 1846 440 1879 weiterem
465 1846 660 1879 Vorriicken
686 1848 744 1879 der

65 1891 190 1923 Feinde
215 1892 319 1924 selbst
347 1891 399 1924 die
426 1891 450 1923 F
454 1892 546 1923 lucht
572 1892 740 1934 ergrill'en,

65 1936 144 1969 Tac.
169 1937 230 1969 An.
255 1939 306 1979 12,
336 1939 397 1980 38,
423 1937 459 1969 H.
485 1940 513 1978 1,
542 1940 600 1971 39:
625 1941 744 1978 trepidi

65 1986 176 2015 nuntie*
227 1995 262 2015 ae
315 1986 538 2023 proximorum
592 1987 740 2026 dz'ffuql'a.

64 2027 172 2059 [eber
205 2028 263 2060 das
302 2029 583 2061 substantivisehe
617 2029 738 2061 Partic.

67 2076 122 2113 24,
156 2075 183 2113 1,
215 2076 252 2107 6:
286 2075 477 2115 rqfuqz'eutes
495 2077 596 2115 pauci
622 2094 664 2098 —
690 2077 742 2117 af-

56 2120 210 2161 ferebam
222 2131 235 2158 ,·
272 2129 306 2150 es
332 2120 417 2151 wird
443 2122 525 2152 auch
555 2123 744 2154 nuntiavere

59 2165 227 2207 suyieutes
265 2172 292 2198 et
324 2176 361 2197 ex
396 2174 497 2198 verm.
525 2184 567 2188 —
599 2169 743 2206 speculis,

68 2212 122 2250 22,
158 2212 208 2248 19,
235 2212 266 2243 6.
295 2228 333 2233 -—
361 2213 496 2249 iueomp.
522 2213 578 2252 iu„
605 2214 660 2252 22,
686 2215 741 2253 50,

69 2258 98 2289 S.
146 2262 267 2296 ruunt,
294 2267 318 2288 s.
345 2258 406 2295 25,
434 2258 487 2296 39,
515 2259 545 2289 5.
574 2275 618 2279 ——-
643 2264 741 2289 cater-

64 2303 180 2339 vatim,
223 2303 304 2333 noch
344 2302 459 2333 imuier
501 2301 534 2332 in
574 2302 743 2334 einzelnen

66 2346 250 2389 Schaaren,
276 2349 339 2387 44,
367 2349 421 2387 41,
453 2348 489 2380 8:
515 2350 665 2381 adversus
689 2360 742 2381 ea-

65 2395 209 2425 tervatz'm
233 2396 452 2429 incurrentes,
478 2394 546 2434 vgl.
572 2395 603 2433 3,
630 2395 684 2434 60,
711 2396 742 2427 9.

67 2455 111 2459 —
136 2450 223 2479 cum,
249 2439 427 2479 xviim-end,
459 2440 519 2477 25,
548 2441 608 2475 36,
639 2441 668 2473 S.
699 2458 742 2462 —

69 2486 136 2522 ipsa
160 2496 199 2523 (1.,
225 2485 345 2525 gei-ade
371 2485 473 2515 durch
493 2484 544 2516 die
564 2484 669 2525 (nicht
688 2495 742 2516 er-

68 2529 224 2570 wartete)
259 2528 437 2562 Riihnheit.
466 2548 508 2552 -—
539 2534 620 2563 eolre
644 2532 679 2562 in
705 2542 743 2571 o.,

71 2575 126 2614 22,
152 2576 206 2615 29,
224 2577 259 2608 5:
288 2575 334 2607 sie
354 2576 462 2608 bilden
480 2575 552 2607 eine
573 2576 743 2617 geschlos-

813 1388 1041 1433 sene‘LMasse
1082 1400 1134 1421 nm
1159 1388 1247 1432 {sich
1280 1389 1364 1420 nach
1401 1388 1490 1420 allen

813 1437 925 1468 Seiten
951 1435 1180 1477 vertheidigen
1207 1446 1247 1466 zu
1271 1435 1418 1474 k6nnen,
1457 1436 1489 1474 4,

815 1485 868 1522 39,
902 1485 932 1516 4.
960 1500 1003 1504 —-
1030 1484 1129 1513 armis
1155 1484 1196 1520 i„
1225 1491 1250 1512 6.
1277 1483 1314 1514 41
1331 1505 1339 1521 ,
1372 1482 1408 1522 13
1432 1481 1487 1519 24,

814 1530 867 1568 24,
895 1530 927 1568 6,
953 1528 1020 1569 vgl.
1050 1530 1078 1568 1,
1104 1530 1159 1567 46,
1186 1529 1204 1559 7
1223 1538 1255 1558 u.
1273 1537 1301 1558 a.
1318 1537 1490 1558 —eorona

813 1573 1049 1615 Unizingelung
1082 1573 1185 1604 durch
1213 1572 1264 1604 die
1289 1570 1489 1613 Angreifen-

814 1620 887 1659 den,
915 1630 939 1651 s.
970 1620 1117 1660 dagegen
1144 1621 1175 1658 4,
1210 1620 1262 1658 19,
1289 1620 1318 1651 S.
1336 1636 1377 1640 —
1401 1629 1488 1659 qens,

815 1676 841 1696 6.
870 1666 923 1704 26,
952 1668 982 1699 5.

860 1712 982 1744 9-10,
1008 1721 1072 1750 uec,
1099 1710 1178 1740 aber
1203 1709 1304 1740 nicht.
1321 1727 1366 1731 —
1383 1715 1488 1748 pacto,

814 1756 866 1788 die
911 1755 1105 1797 allgemeine
1142 1754 1369 1795 Bezeiehnung
1403 1758 1490 1786 statt

814 1802 873 1833 der
905 1802 986 1834 eben
1019 1801 1241 1842 gebrauchten
1274 1800 1488 1842 specielleren

814 1850 940 1889 deditio,
967 1849 998 1887 9,
1029 1849 1080 1886 11,
1107 1849 1145 1885 9,
1182 1846 1248 1887 vgl.
1275 1849 1305 1886 4,
1333 1848 1363 1886 7,
1391 1849 1426 1879 4:
1454 1848 1489 1877 z'u

805 1895 938 1934 foedere
979 1904 1159 1924 mansurus.
1194 1910 1238 1913 -
1281 1894 1414 1924 subinde
1444 1891 1489 1923 ist

812 1939 878 1970 wol
898 1938 987 1970 hier:
1005 1937 1241 1977 mittlerweile,
1259 1937 1488 1976 unterdessen,

811 1985 879 2025 vgl.
906 1986 968 2024 25,
1007 1985 1069 2023 23,
1103 1985 1140 2023 83
1178 1984 1216 2023 3,
1252 1985 1314 2023 58,
1342 1985 1360 2015 7
1385 1994 1416 2014 u.
1446 1993 1487 2021 a.,

816 2031 934 2062 anders
965 2032 1024 2069 21,
1063 2031 1125 2069 20,
1153 2031 1190 2069 8,
1217 2028 1283 2069 vgl.
1307 2028 1424 2060 Charis
1448 2027 1487 2060 ΙΙ.

812 2088 840 2118 p.
867 2078 949 2110 220:
978 2075 1154 2115 „subinde“
1173 2076 1279 2114 Nepos
1296 2093 1339 2096 —
1356 2081 1384 2107 el
1402 2077 1489 2106 Bru-

811 2129 861 2154 tus
886 2129 913 2153 el
937 2124 1057 2154 Coelius
1071 2122 1263 2162 frequenter
1286 2132 1319 2152 eo
1335 2123 1389 2152 usi
1402 2126 1488 2153 sunt.

811 2171 965 2207 adlatum,
997 2167 1056 2199 der
1080 2166 1193 2198 Befehl
1219 2176 1295 2197 10111
1322 2165 1423 2197 Senat
1448 2176 1488 2196 zu

812 2213 998 2254 Carthagm
1026 2223 1053 2244 6.
1078 2214 1139 2252 28,
1170 2214 1203 2249 1,
1230 2211 1377 2243 weleher
1400 2211 1486 2242 viel-

811 2259 915 2290 leicht
939 2258 997 2289 mit
1022 2259 1083 2290 den
1112 2269 1138 2289 6.
1168 2259 1219 2297 13,
1248 2259 1266 2290 S
1292 2258 1486 2288 erwiihnten

812 2305 1067 2345 Anordnungen,
1083 2314 1146 2334 von
1163 2303 1263 2334 deren
1272 2302 1487 2342 Ausl'iihrung

812 2349 903 2381 nicht
927 2350 1047 2381 weiter
1071 2349 1122 2380 die
1150 2348 1237 2380 Rede
1264 2348 1318 2387 ist,
1349 2347 1381 2378 in
1399 2347 1486 2380 Ver-

810 2395 955 2436 bindung
982 2395 1096 2431 stand,
1135 2394 1199 2426 und
1225 2393 1332 2433 nicht,
1360 2393 1424 2425 wie
1451 2403 1485 2424 es

812 2442 894 2472 113611
923 2440 958 2474 L.
985 2440 1168 2480 erscheint,
1199 2440 1281 2470 ohne
1306 2439 1370 2471 alle
1397 2438 1486 2472 Vor-

810 2486 984 2525 bereitung
1009 2486 1155 2526 gegeben
1180 2485 1312 2527 wurde3
1338 2484 1404 2525 vgl.
1429 2486 1484 2524 25,

812 2533 911 2570 32,2.
932 2543 1067 2563 —omm
1070 2543 1122 2563 um
1150 2534 1225 2570 etc„
1252 2541 1277 2562 6.
1306 2532 1358 2571 32,
1392 2531 1423 2569 6,
1449 2540 1485 2560 so

810 2578 910 2609 sehon
936 2578 989 2617 22,
1019 2578 1073 2617 22,
1101 2578 1153 2609 21.
1174 2594 1215 2598 —
1240 2583 1349 2617 (merl,
1378 2587 1404 2607 6.
1434 2577 1484 2616 17,
