1763 2983
1234 68 1261 77 ““
1741 73 1757 94 ἳι

197 198 279 240 388
662 196 786 229 LIBER
811 196 936 229 XXIII.
973 196 1067 232 CAP.
1095 200 1148 232 49.

1468 205 1493 224 a.
1513 205 1542 224 u.
1559 198 1622 225 539.

197 302 280 342 bale
311 314 354 340 ac
381 302 543 352 Magone
573 304 609 338 et
631 299 846 339 Hannibale
866 301 1089 340 Bomilcaris
1110 301 1188 340 filio
1211 301 1259 340 ob
1284 302 1541 341 defectionem
1568 303 1615 341 ad

157 366 177 398 6
199 361 395 399 Romanos
417 356 728 408 oppugnabatur.
768 357 869 395 inter
889 357 983 396 haee
1005 358 1105 396 trina
1126 363 1248 397 castra
1272 358 1442 397 hostium
1463 359 1614 410 Scipio-

200 429 268 455 nes
291 427 381 454 cum
402 414 442 453 in
462 413 600 452 urbem
623 414 820 452 sociorum
845 426 984 465 magno
1011 416 1220 454 certamine
1232 427 1275 453 ac
1287 422 1412 466 strage
1425 415 1618 454 obsisten-

199 474 295 512 tium
326 471 614 522 pervenissent,
646 471 910 516 frumentum,
942 471 1053 510 cuius
1083 471 1214 522 inopia
1246 477 1336 518 erat,
1366 472 1619 517 advexerunt,

159 537 177 567 7
199 528 466 578 cohortatique
488 526 716 577 oppidanos,
738 534 781 565 ut
802 527 938 566 eodem
959 528 1089 566 animo
1112 528 1264 566 moenia
1285 534 1514 575 tutarentur,
1537 540 1617 579 quo

199 599 269 638 pro
294 598 334 624 se
357 590 593 636 pugnantem
616 584 839 622 Romanum
860 585 1071 622 exercitum
1092 584 1287 631 vidissent,
1317 585 1363 623 ad
1389 590 1510 624 castra
1534 597 1618 624 ma-

160 648 180 681 8
199 643 300 681 xima
323 640 595 692 oppugnanda,
618 640 760 690 quihus
784 640 1001 679 Hasdrubal
1021 646 1204 691 praeerat,
1225 641 1383 680 ducunt.
1424 641 1562 680 eodem
1583 647 1622 680 et

200 700 278 738 duo
310 699 428 737 duces
459 703 495 736 et
515 696 593 735 duo
618 697 810 736 exercitus
832 697 1216 748 Carthaginiensium,
1244 697 1297 736 ibi
1319 710 1402 736 rem
1425 710 1620 737 summam

161 761 180 794 9
200 757 259 807 agi
280 759 495 800 cernentes,
517 759 798 792 convenerunt.
828 754 956 804 itaque
978 755 1182 805 eruptione
1205 767 1225 793 e
1250 754 1382 793 castris
1404 761 1620 805 pugnatum

201 819 267 852 est.
309 811 504 862 sexaginta
534 810 705 849 hostium
736 810 836 850 milia
868 823 912 849 eo
944 811 1004 850 die
1035 812 1074 849 in
1098 823 1228 862 pugna
1252 813 1421 858 suerunt,
1453 810 1621 849 sedecim

141 882 181 914 10
201 871 301 908 circa
323 883 348 908 a
368 866 566 907 Romanis.
604 874 730 906 tamen
760 867 854 905 adeo
876 867 978 905 haud
1000 867 1114 905 dubia
1135 868 1291 906 victoria
1316 868 1397 914 fuit,
1430 873 1471 906 ut
1490 868 1622 918 plures

202 938 380 972 numero,
420 936 537 975 quam
560 924 632 974 ipsi
653 929 773 970 erant,
799 924 964 962 Romani
990 924 1162 962 hostium
1194 924 1416 969 occiderint,
1448 925 1623 974 ceperint

141 996 178 1029 11
202 982 367 1033 amplius
388 982 459 1020 tria
482 980 583 1018 milia
606 980 826 1026 hominum,
847 981 975 1030 paullo
1000 980 1130 1019 minus
1155 981 1255 1018 mille
1266 993 1471 1031 equorum,
1493 981 1620 1018 unde-

202 1039 396 1090 sexaginta
411 1036 585 1077 militaria
606 1037 726 1087 signa,
757 1042 905 1086 septem
931 1036 1166 1086 elephantos,
1197 1037 1372 1087 quinque
1403 1037 1441 1074 in
1473 1037 1621 1087 proelio

142 1107 183 1139 12
203 1095 361 1141 occisis;
391 1094 582 1143 trinisque
606 1105 651 1131 eo
677 1093 737 1131 die
762 1093 894 1131 castris
916 1093 1024 1143 potiti
1047 1098 1149 1132 sunt.
1183 1093 1328 1143 Iliturgi
1353 1092 1555 1131 obsidione
1574 1093 1623 1131 li-

202 1153 334 1191 berato
357 1150 403 1189 ad
424 1150 565 1189 Intibili
591 1149 899 1200 oppugnandum
913 1150 1049 1188 Punici
1072 1150 1262 1188 exercitus
1285 1149 1620 1200 traductisupple-

203 1210 249 1248 tis
273 1208 393 1258 copiis
415 1219 461 1246 ex
482 1207 693 1257 provincia,
716 1212 759 1244 ut
780 1218 877 1256 quae
891 1207 1056 1245 maxime
1077 1206 1266 1253 omnium,
1287 1205 1374 1244 belli
1396 1206 1516 1252 avida,
1536 1218 1624 1244 mo-

144 1275 184 1308 13
205 1266 254 1304 do
276 1264 417 1316 praeda
439 1269 505 1302 aut
528 1275 676 1302 merces
700 1269 810 1309 esset,
832 1269 868 1301 et
887 1268 968 1301 tum
988 1263 1186 1301 iuventute
1209 1263 1440 1301 abundante.
1481 1263 1622 1301 iterum

205 1322 323 1373 signis
352 1320 512 1360 conlatis
536 1320 669 1359 eadem
692 1321 848 1358 fortuna
869 1321 1072 1370 utriusque
1092 1320 1210 1369 partis
1242 1325 1469 1370 pugnatum.
1508 1331 1625 1369 supra

207 1378 389 1418 tredecim
422 1377 523 1416 milia
551 1377 723 1424 hostium
755 1388 873 1421 caesa,
905 1389 1021 1427 supra
1043 1376 1121 1414 duo
1143 1382 1250 1426 capta
1273 1388 1363 1414 cum
1384 1376 1503 1426 signis
1524 1376 1626 1414 duo-

146 1438 187 1470 14
206 1436 279 1474 bus
310 1442 345 1474 et
376 1434 628 1485 quadraginta
650 1439 686 1472 et
706 1445 846 1471 novem
869 1433 1092 1483 elephantis.
1125 1439 1206 1472 tum
1228 1445 1320 1471 vero
1344 1444 1480 1470 omnes
1504 1444 1628 1483 prope

206 1492 412 1543 Hispaniae
442 1490 576 1541 populi
606 1490 651 1529 ad
673 1491 872 1528 Romanos
904 1490 1141 1537 defecerunt,
1175 1490 1374 1540 multoque
1398 1489 1563 1527 maiores
1584 1501 1627 1527 ea

208 1554 346 1588 aestate
376 1549 416 1586 in
448 1547 630 1598 Hispania
661 1559 778 1597 quam
809 1547 848 1584 in
880 1547 982 1585 Italia
1013 1559 1075 1584 res
1107 1552 1244 1597 gestae.

208 1627 346 1660 Gebiete
386 1626 444 1658 der
488 1625 663 1664 Oretaner‚
712 1625 802 1656 nicht
826 1624 884 1656 das
1004 1626 1144 1657 11—14.
1170 1625 1363 1663 elephantos,
1400 1623 1442 1654 da
1474 1622 1525 1655 die
1555 1622 1626 1654 Hss.

206 1673 333 1705 siidlieh
365 1672 397 1703 in
420 1672 491 1703 dem
519 1672 577 1703 der
601 1670 727 1702 Bastuli
761 1671 814 1710 [so
841 1670 885 1701 ist

207 1719 240 1750 in
281 1719 339 1750 der
366 1717 578 1758 Anmerkung
610 1728 649 1748 zu
688 1717 746 1748 der
780 1715 884 1747 Stelle

207 1775 247 1796 zu
291 1764 400 1803 lesen]
442 1763 598 1804 gelegcue
636 1761 787 1794 Mentesa
829 1771 883 1802 ge-

206 1809 309 1842 meint
349 1809 411 1849 ist,
461 1819 485 1840 s.
528 1808 606 1840 CIL.
649 1807 687 1840 II.
732 1819 759 1849 p.
802 1808 885 1846 2973

208 1857 292 1898 4343
328 1866 354 1887 S.
389 1854 513 1886 Becker
546 1853 767 1886 Vorarbeiten
810 1852 883 1885 931¹.

211 1920 254 1924 —
279 1903 432 1942 Maqone,
457 1911 483 1932 e.
513 1901 576 1936 32,
614 1901 665 1932 12.
694 1917 737 1921 —
762 1901 885 1930 Bomil-

211 1959 286 1987 car„
312 1957 363 1978 uin
381 1946 493 1977 diesen
510 1946 612 1977 Hann.
631 1955 697 1976 von
715 1944 785 1976 dem
802 1944 884 1975 Bar—

211 1993 301 2024 ciner
337 2003 378 2024 zu
417 1991 677 2023 nnterscheiden.
710 2008 755 2012 ———
791 1993 883 2029 inter,

211 2038 377 2069 zwischen
403 2037 514 2069 durch.
530 2056 574 2059 —
598 2039 695 2077 trina,
721 2038 750 2074 5,
777 2037 806 2073 2,
836 2037 885 2068 10.

212 2102 253 2106 —-
270 2086 342 2123 dcco,
371 2093 396 2114 s.
422 2093 448 2114 e.
484 2084 533 2122 11,
549 2084 579 2116 9.
605 2100 645 2104 —
672 2093 738 2113 wem
763 2092 885 2119 summ„

213 2130 287 2160 dass
313 2139 347 2160 cs
365 2128 438 2159 hier
455 2138 514 2159 zur
530 2126 774 2166 Eutscheidung
794 2127 886 2157 kom-

212 2184 284 2206 men
325 2174 454 2213 werde,
498 2172 549 2204 die
586 2173 794 2214 Hauptsache
831 2169 890 2202 auf

213 2221 283 2252 dem
309 2219 417 2261 Spicle
451 2219 562 2257 stehe;
598 2229 648 2250 res
681 2229 762 2251 smn.
785 2217 829 2248 ist
853 2216 885 2247 in

213 2267 272 2297 der
309 2265 423 2297 &Veise
457 2264 520 2296 wic
544 2275 666 2296 summa
691 2274 740 2294 res
758 2265 887 2302 publiea

213 2311 406 2352 gebraucht,
432 2314 522 2341 sonst
544 2309 587 2341 ist
604 2321 724 2341 summm
741 2311 789 2340 rei
809 2308 888 2339 oder

214 2368 320 2389 rerum
357 2355 615 2397 gewb'hnlicher.
649 2374 692 2378 -—
732 2356 816 2386 circa
854 2353 886 2384 in

214 2403 285 2434 dem
311 2401 408 2433 Sinne
441 2412 504 2432 von
537 2403 662 2432 circiter
693 2400 792 2431 Iindet
818 2399 887 2430 sich

213 2447 390 2488 einigemal
415 2447 467 2479 bei
486 2447 532 2487 L.,
563 2457 587 2478 s.
607 2448 659 2483 27,
688 2447 742 2487 42,
771 2447 806 2485 S,
831 2447 885 2481 45,

217 2495 277 2533 34,
318 2496 355 2534 ὅ,
391 2503 432 2523 an
464 2504 495 2524 u.
531 2492 579 2525 St.
614 2491 658 2523 ist
691 2491 742 2523 die
775 2490 886 2522 Nach-

216 2543 355 2579 setzung
400 2548 462 2569 von
500 2540 583 2570 eirca
623 2536 885 2578 ungewIIhnlich,

217 2585 284 2625 x‘gI.
305 2583 426 2624 jedoch
451 2594 476 2614 c.
507 2585 568 2624 46,
602 2584 639 2615 9:
671 2585 817 2622 propias.
845 2599 888 2603 —-

216 2642 236 2661 a
261 2631 424 2667 Romanis,
449 2640 473 2660 s.
498 2631 550 2665 27,
582 2630 630 2669 14,
657 2631 686 2661 5.

954 1680 1015 1701 nur
1039 1672 1176 1712 sz'qnavz't
1199 1671 1370 1708 elephantis
1394 1669 1511 1708 haben,
1538 1668 1625 1700 kann

954 1715 989 1746 L.
1015 1716 1100 1747 auch
1125 1718 1226 1757 sayna,
1258 1716 1429 1754 elephantis
1453 1725 1483 1755 q.
1508 1732 1553 1736 --
1578 1725 1627 1746 oe-

953 1764 1027 1794 cz'sis
1051 1761 1264 1802 geschriehen
1291 1760 1407 1792 haben.
1423 1777 1468 1782 —
1487 1762 1629 1801 liberato,

954 1806 1030 1838 weil
1055 1809 1180 1839 Intibili
1210 1806 1274 1837 wie
1302 1804 1481 1847 Ilituryi§
1516 1807 1534 1838 5
1571 1804 1626 1836 In-

955 1852 1152 1884 declinabile
1179 1852 1241 1893 ist,
1267 1862 1291 1883 s.
1318 1852 1378 1893 21,
1404 1853 1464 1891 24,
1493 1852 1527 1891 13
1568 1851 1626 1882 das

954 1898 1044 1938 Subj.
1071 1898 1128 1930 der
1144 1897 1338 1938 Thiitigkeit
1361 1897 1433 1928 sind
1459 1896 1551 1928 nicht
1575 1896 1628 1928 die

954 1943 1084 1986 Punicr,
1113 1954 1137 1975 s,
1156 1945 1208 1981 21,
1238 1946 1267 1979 5,
1294 1945 1330 1985 4;
1363 1944 1415 1983 39,
1442 1943 1627 1979 54‚13.—

953 1991 1069 2031 Ime'b.‚
1103 1988 1217 2019 Front.
1243 1988 1308 2018 Str.
1339 1988 1377 2028 2,
1413 1989 1450 2028 3,
1479 1989 1514 2029 1,
1540 1987 1627 2019 kann

954 2036 1037 2066 nach
1082 2035 1153 2065 dem
1189 2033 1489 2073 Zusammenhange
1537 2032 1629 2064 nicht

954 2080 1035 2112 weit
1072 2090 1133 2110 von
1170 2078 1299 2119 Iliturgi
1332 2079 1468 2119 gelegen
1503 2077 1629 2117 habem

954 2125 1026 2157 eine
1052 2125 1172 2156 andere
1191 2124 1288 2155 Stadt
1305 2124 1361 2155 des
1382 2123 1523 2155 Namens
1543 2123 1628 2155 wird

955 2171 987 2202 in
1016 2171 1073 2202 der
1095 2169 1190 2202 Nahe
1215 2180 1280 2201 von
1299 2170 1438 2201 Dertosa
1463 2170 1629 2212 erwiihnt,

955 2216 1058 2249 Ukert
1092 2218 1129 2255 2,
1171 2218 1206 2255 1,
1250 2217 1325 2248 416.
1352 2232 1394 2236 —
1422 2222 1456 2246 ut
1483 2226 1563 2256 quae
1586 2225 1626 2246 m.

956 2273 1049 2303 omn„
1070 2262 1266 2293 verkiirzter
1283 2260 1311 2292 V
1315 2260 1627 2301 ergleichuugssatz‚

955 2319 980 2339 S.
1012 2310 1051 2344 7,
1089 2309 1150 2347 33,
1189 2309 1226 2339 5:
1264 2308 1442 2346 proelium,
1479 2312 1515 2337 ut
1546 2308 1633 2347 quod

956 2356 1089 2386 maxime
1101 2363 1261 2393 umquam,
1273 2354 1349 2391 pari
1359 2369 1404 2373 —
1413 2354 1630 2389 σιηηφηκῑςεαηη

958 2402 988 2436 5,
1016 2401 1076 2438 25,
1107 2401 1141 2432 9;
1182 2404 1275 2439 gyrata
1310 2409 1344 2429 ea
1378 2408 1444 2437 rea,
1480 2403 1515 2428 ut
1547 2407 1630 2438 quae

955 2448 1089 2476 maxime
1122 2446 1262 2475 onmium
1285 2443 1379 2484 fuit;
1415 2441 1499 2474 Gell.
1525 2443 1544 2475 6
1570 2441 1628 2483 (7),

957 2493 995 2530 3,
1017 2492 1076 2530 39;
1118 2489 1183 2521 Cic.
1208 2488 1292 2520 Phil.
1322 2490 1359 2529 5,
1389 2489 1446 2528 19,
1474 2488 1534 2529 533
1570 2497 1631 2518 zur

956 2536 1060 2567 Sache
1088 2546 1112 2567 S.
1140 2536 1193 2575 24,
1219 2536 1273 2574 42,
1300 2536 1330 2567 6.
1353 2551 1397 2556 -
1417 2544 1531 2572 omnes,
1558 2533 1628 2574 vgl.

958 2592 983 2614 ο,
1010 2583 1063 2622 29,
1093 2582 1142 2614 16.
