1763 2983
230 135 310 176 360

708 133 832 168 LIBER
859 133 917 168 IX.

954 133 1047 168 CAP.
1074 137 1128 170 41.
1495 144 1520 163 a.
1540 144 1567 162 u.
1587 135 1648 163 446.

230 238 388 290 quidem
420 237 515 276 nihil
546 237 817 288 impetratum3
849 237 1023 278 indutiae
1054 250 1205 278 annuae
1238 238 1357 278 datae.
1405 237 1643 289 stipendium

231 295 403 334 exercitu
418 294 595 333 Romano
617 295 663 333 ab
686 295 796 334 hoste
812 294 853 333 in
871 308 960 334 eum
983 307 1130 335 annum
1148 308 1329 347 pensum,
1353 299 1391 334 et
1407 294 1523 334 binae
1538 294 1646 334 tuni-

230 365 296 391 cae
318 351 358 390 in
382 350 545 390 militem
567 357 742 390 exactae:
766 364 809 391 ea
831 364 981 391 merces
1004 352 1245 392 indutiarum
1268 353 1350 391 suit.

344 408 590 459 Tranquillas
621 420 684 447 res
716 407 792 447 iam
823 408 997 448 Etruscis
1027 409 1196 448 turbavit
1233 409 1437 460 repentina
1477 408 1644 447 defectio

231 465 481 511 Umbrorum,
504 465 630 514 gentis
652 465 827 515 integrae
849 478 869 504 a
891 465 1061 505 cladibus
1082 466 1187 512 belli,
1212 466 1284 504 nisi
1307 465 1410 517 quod
1433 464 1645 504 transitum

180 535 200 564 υ
227 521 419 560 exercitus
441 533 532 571 ager
548 527 739 560 senserat.
771 522 795 560 ii
813 522 1004 561 concitata
1023 522 1129 560 omni
1147 522 1349 560 iuventute
1366 534 1435 560 sua
1452 525 1490 559 et
1506 532 1645 571 magna

227 583 335 630 parte
352 578 608 616 Etruscorum
631 578 677 617 ad
699 578 951 618 rebellionem
968 579 1156 629 conpulsa
1175 583 1329 617 tantum
1351 576 1568 617 exercitum
1584 577 1646 616 fe-

227 639 371 681 cerant,
396 639 439 673 ut
460 634 593 673 relicto
615 640 703 686 post
724 647 767 673 se
788 635 828 673 in
851 635 1004 674 Etruria
1022 634 1136 673 Decio
1159 635 1204 674 ad
1228 634 1532 686 oppugnandam
1552 634 1644 673 inde

232 693 393 731 Romam
423 691 558 736 ituros,
589 691 792 742 magnifice
822 692 869 730 de
897 705 938 730 se
960 704 1003 730 ac
1024 691 1279 742 contemptim
1302 692 1350 730 de
1372 691 1557 730 Romanis
1587 692 1647 730 lo-

161 754 200 786 10
230 753 409 800 quentes,
431 748 627 787 iactarent.
665 749 768 799 quod
792 749 991 800 inceptum
1010 761 1146 787 eorum
1169 748 1234 787 ubi
1257 748 1303 787 ad
1323 748 1482 787 Decium
1505 759 1648 787 consu-

227 806 304 844 lem
326 806 520 856 perlatum
543 810 614 851 est,
647 806 692 844 ad
716 805 853 844 urbem
876 818 920 844 ex
942 805 1099 844 Etruria
1120 805 1270 855 magnis
1292 804 1498 844 itineribus
1520 804 1648 856 pergit

163 869 199 902 11
231 867 267 901 et
288 863 327 900 in
350 874 439 912 agro
462 862 690 913 Pupiniensi
711 862 757 901 ad
779 862 923 901 famam
945 862 1121 901 intentus
1142 861 1315 900 hostium
1338 861 1531 901 consedit.
1574 874 1647 900 nec

227 920 375 958 Romae
397 919 656 969 spernebatur
678 919 918 958 Umbrorum
950 919 1107 966 bellum,
1139 924 1178 957 et
1204 919 1310 970 ipsae
1338 919 1466 957 minae
1494 922 1646 956 metum

227 975 402 1014 fecerant
423 975 591 1026 expertis
614 974 753 1014 Gallica
775 975 895 1021 clade,
929 987 1045 1026 quam
1070 975 1237 1014 intutam
1258 975 1398 1014 urbem
1418 975 1645 1014 incolerent.

162 1036 200 1067 12
230 1033 360 1083 itaque
382 1031 493 1081 legati
511 1032 558 1070 ad
574 1031 736 1070 Fabium
756 1032 958 1070 consulem
976 1032 1204 1078 missisunt,
1225 1036 1280 1079 ut,
1298 1031 1430 1082 siquid
1440 1030 1647 1070 laxamenti

228 1101 247 1127 a
268 1089 369 1127 bello
394 1088 630 1127 Samnitium
648 1093 762 1134 esset,
785 1088 825 1127 in
844 1088 1045 1127 Umbriam
1063 1101 1228 1140 propere
1245 1088 1458 1127 exercitum
1476 1088 1660 1128 duceret..

163 1149 201 1181 13
232 1144 333 1184 dicto
356 1144 485 1195 paruit
507 1144 654 1191 consul,
677 1145 905 1196 magnisque
926 1144 1134 1184 itineribus
1156 1145 1202 1184 ad
1224 1144 1451 1191 Mevaniam,
1472 1144 1539 1183 ubi
1560 1149 1647 1183 tum

163 1208 201 1240 14
231 1201 364 1252 copiae
396 1200 634 1239 Umbrorum
667 1206 795 1248 erant,
829 1201 1008 1252 perrexit.

1069 1214 1210 1253 repens
1242 1202 1433 1240 adventus
1465 1200 1646 1247 consulis,

228 1270 346 1309 quem
368 1258 503 1308 procul
520 1256 680 1296 Umbria
697 1258 739 1296 in
757 1258 915 1296 Samnio
932 1257 1032 1296 bello
1050 1258 1122 1297 alio
1141 1262 1371 1310 occupatum
1390 1257 1646 1303 crediderant,
1671 1308 1674 1310 v

226 1314 277 1353 ita
300 1314 680 1361 exterruitUmbros,
703 1319 747 1353 ut
767 1314 829 1352 alii
851 1314 1115 1354 recedendum
1140 1315 1186 1353 ad
1209 1314 1328 1354 urbes
1351 1313 1534 1359 munitas,
1557 1313 1647 1365 qui-

227 1545 308 1587 pet„
337 1553 364 1574 c.
395 1542 451 1583 40,
481 1542 535 1574 20.
561 1561 604 1565 -
626 1552 666 1574 ac
689 1561 731 1567 -—
756 1542 901 1585 quidem,

232 1599 259 1620 s.
279 1588 332 1627 27,
353 1587 404 1627 18,
423 1588 461 1627 43
481 1587 534 1627 32,
554 1587 608 1628 35,
627 1586 657 1626 3,
675 1587 741 1620 wie
759 1593 854 1620 sonst
871 1591 904 1620 ei

231 1652 273 1656 —
292 1632 434 1675 quidem.
453 1631 493 1664 de
510 1642 545 1664 eo
564 1633 629 1664 wie
647 1634 778 1665 mittere
794 1633 844 1674 de,
871 1634 903 1674 2,

235 1678 286 1718 18,
321 1678 358 1716 93
403 1677 574 1710 concedere
606 1677 654 1717 de,
696 1678 727 1718 6,
756 1678 810 1719 42,
845 1679 901 1718 113

230 1722 410 1767 postulare,
424 1733 592 1762 recusare,
607 1723 762 1764 abnuere,
783 1725 835 1765 10,
853 1724 904 1764 10,

233 1768 263 1809 8,
287 1767 328 1800 de
344 1779 374 1800 u.
393 1778 439 1800 a.:
470 1769 528 1800 das
546 1768 714 1800 Erbetene
743 1769 903 1810 erlangen

232 1814 263 1845 in
281 1813 410 1844 Betreff
422 1824 454 1844 u.
472 1823 498 1845 s.
519 1824 558 1845 w.
576 1832 618 1836 —
633 1812 791 1854 indutiae,
807 1825 833 1846 c.
850 1814 904 1855 37,

235 1859 285 1890 12.
303 1875 346 1881 —
359 1858 512 1901 stipend.,
527 1870 554 1891 c.
570 1859 623 1897 43,
639 1860 670 1891 6.
685 1877 727 1882 —
741 1861 904 1900 eccm-citu,

234 1914 261 1935 c.
280 1904 310 1943 5,
328 1904 359 1935 6.
379 1921 421 1926 -
439 1904 542 1943 binae,
563 1904 592 1943 7,
613 1904 664 1943 37,
685 1903 715 1935 2.

278 1948 377 1980 8-9.
404 1948 574 1990 tranquill.
594 1953 668 1987 etc.,
694 1949 756 1980 den
775 1949 904 1981 bereits

232 1994 504 2035 eingegangenen
522 1992 846 2025 Waffenstillstand.
861 2013 904 2017 ——

232 2039 388 2070 Etruscis
399 2053 442 2065 =
454 2049 530 2070 cum
543 2038 597 2070 Et.
612 2040 682 2070 iam
699 2042 815 2078 essent,
834 2039 902 2080 vgl.

233 2084 262 2122 8,
282 2083 373 2123 13,2.
407 2084 524 2116 Etrus.
543 2083 663 2124 gehb'rt
682 2083 747 2114 wol
764 2085 848 2115 auch
861 2094 902 2115 zu

232 2129 388 2161 turbat-it.
420 2148 461 2151 —
487 2128 640 2170 desectio,
658 2128 708 2160 bis
722 2128 810 2169 jetzt
829 2129 901 2160 sind

233 2184 295 2205 nur
313 2173 365 2205 die
384 2175 556 2207 Camertes
582 2174 643 2205 mit
660 2172 740 2205 Rom
761 2174 903 2206 verbun-

233 2220 295 2250 ‹len
325 2229 499 2260 gewesen,
529 2230 556 2250 c.
583 2218 635 2259 36,
655 2220 693 2255 7;
724 2219 777 2259 37,
802 2221 831 2252 1.
861 2237 903 2241 —

236 2264 402 2307 Umbror,
430 2265 490 2297 den
518 2263 731 2296 sabinischen
754 2264 902 2296 Vtilkern

235 2310 541 2342 stammverwandt.
564 2328 605 2331 ——
629 2310 784 2350 integrae
802 2320 822 2340 a
839 2309 903 2340 wie

233 2354 316 2386 liber
333 2355 530 2395 construirt,
549 2364 574 2385 S.
590 2356 651 2396 45,
670 2355 723 2395 37,
737 2356 766 2386 8.
781 2373 822 2377 -
839 2356 908 2385 nisi

234 2412 276 2441 φ,
302 2401 334 2440 4,
356 2401 407 2441 12,
426 2401 454 2432 9.
486 2419 527 2422 —
555 2401 699 2440 transit„
723 2400 833 2431 dieses
859 2400 906 2431 ist

236 2446 358 2478 vorher
376 2446 468 2478 nicht
486 2446 647 2485 erwahnt,
665 2445 762 2478 Nieb.
784 2446 813 2487 1,
829 2446 904 2478 511.

234 2509 278 2514 -—
296 2495 456 2532 senserat,
475 2503 501 2523 s.
521 2503 548 2523 c.
569 2492 623 2531 37,
645 2493 671 2524 1.
701 2510 743 2513 —
767 2493 842 2533 post
858 2502 906 2532 se,

236 2537 286 2569 sie
304 2538 462 2578 umgehen
477 2537 611 2577 Decius,
630 2536 696 2568 wol
711 2536 814 2568 durch
829 2535 905 2568 Um-

166 1380 205 1410 15
230 1371 318 1410 (lam
351 1370 614 1410 omittendum
645 1371 791 1410 bellum
824 1376 1050 1419 censerent,
1082 1372 1193 1423 plaga
1224 1383 1300 1410 una
1331 1394 1386 1399 —
1416 1370 1645 1410 Materinam

979 1543 1085 1585 brien,
1103 1543 1261 1577 wahrend
1277 1553 1313 1575 er
1327 1544 1361 1576 in
1370 1543 1529 1576 Etrurien
1545 1544 1648 1576 steht.

978 1608 1020 1611 —
1037 1589 1228 1632 magnifice,
1247 1589 1312 1621 wie
1332 1589 1363 1630 7,
1382 1588 1435 1629 30,
1453 1590 1484 1621 6.

1031 1634 1172 1668 10-13,
1214 1635 1423 1677 Pupiniensi,
1453 1635 1507 1675 26,
1533 1633 1564 1674 9,
1593 1633 1647 1665 12:

980 1681 1180 1713 demtrorsns
1207 1678 1327 1712 Gabios
1357 1679 1541 1712 descendit:
1570 1677 1647 1710 inde

977 1727 1012 1758 in
1030 1726 1216 1768 Pupiniam
1239 1726 1390 1757 exercitu
1414 1723 1557 1757 demisso
1576 1725 1647 1755 octo

978 1770 1072 1802 milia
1086 1780 1251 1813 passuum
1267 1770 1309 1801 ab
1326 1769 1434 1802 Roma
1453 1770 1566 1814 posuit
1588 1779 1646 1800 ca-

975 1819 1057 1848 stra.
1077 1834 1118 1838 —
1143 1814 1189 1846 ad
1201 1816 1338 1856 famam
1364 1815 1410 1847 ist
1426 1816 1487 1848 mit
1504 1816 1576 1847 dem
1594 1823 1649 1846 re-

976 1860 1157 1901 gierenden
1185 1859 1334 1902 Particip
1363 1861 1556 1893 verbunden
1582 1860 1648 1890 und

977 1917 1013 1937 so
1030 1906 1179 1937 hostium
1204 1915 1267 1942 von
1294 1905 1421 1937 seinem
1438 1906 1566 1939 Nomen
1590 1914 1648 1945 ge-

976 1954 1109 1990 trennt,
1142 1960 1168 1981 s.
1204 1951 1235 1991 8,
1269 1950 1322 1990 30,
1358 1951 1415 1990 103
1449 1951 1509 1990 26,
1537 1950 1598 1990 39,
1628 1948 1648 1980 6

977 2008 1007 2027 u.
1019 2007 1060 2035 a.,
1078 1994 1147 2036 vgl.
1163 1994 1258 2036 6,23‚
1270 1996 1299 2027 4.
1322 2014 1364 2018 —
1381 2005 1481 2037 quam
1494 1997 1553 2027 int.
1570 1998 1647 2034 etc.,

976 2041 1088 2072 indess
1116 2049 1187 2071 war
1210 2039 1336 2072 damals
1363 2041 1414 2072 die
1433 2040 1530 2073 stadt
1556 2039 1648 2071 nicht

976 2084 1194 2126 vertheidigt,
1220 2085 1273 2116 die
1292 2084 1403 2117 Thore
1429 2086 1511 2118 nach
1532 2084 1568 2117 L.
1595 2094 1648 2115 so—

975 2141 1035 2172 gar
1064 2129 1169 2170 offen,
1200 2131 1230 2170 5,
1257 2130 1311 2171 38,
1344 2132 1393 2163 10.
1424 2149 1466 2154 -
1495 2131 1649 2169 Fabiam,

978 2185 1104 2208 warum
1122 2175 1211 2207 nicht
1225 2175 1359 2216 Decius,
1378 2175 1424 2208 ist
1438 2176 1531 2208 nicht
1549 2184 1648 2216 ange-

980 2220 1093 2262 geben.
1123 2238 1166 2242 —
1195 2220 1382 2253 Iaaeamenii
1397 2226 1474 2263 etc.,
1497 2231 1592 2252 wenn
1611 2230 1648 2252 er

977 2266 1088 2306 einige
1106 2265 1365 2307 Erleichterung
1390 2266 1482 2307 habe,
1513 2266 1647 2298 abkom-

980 2321 1050 2343 men
1069 2310 1186 2349 kiinne,
1206 2322 1230 2342 s.
1251 2312 1280 2348 6,
1301 2311 1352 2350 31,
1373 2313 1410 2349 53
1435 2311 1466 2352 2,
1484 2311 1536 2353 24,
1555 2313 1587 2343 5.
1606 2330 1647 2333 —

981 2356 1179 2395 Mevaniam,
1197 2366 1247 2387 ain
1266 2355 1315 2387 Fl.
1331 2355 1447 2396 Tinea,
1468 2357 1551 2388 noch
1571 2356 1649 2388 weit

979 2413 1041 2433 von
1061 2402 1120 2432 der
1138 2401 1323 2433 riimischen
1344 2400 1486 2434 Grenze.

1027 2448 1167 2479 14-16.
1218 2446 1447 2485 crediderant,
1474 2448 1509 2488 2,
1540 2448 1589 2487 18,
1616 2449 1646 2479 9.

978 2492 1080 2535 plaga
1097 2503 1140 2531 ιι.,
1169 2492 1221 2524 ein
1241 2491 1378 2534 Cantou,
1404 2492 1469 2524 wie
1488 2493 1541 2533 31,
1560 2493 1591 2533 2,
1611 2493 1647 2533 63

979 2538 1031 2579 33,
1049 2538 1102 2579 37,
1124 2539 1137 2570 1
1157 2537 1231 2569 eine
1245 2538 1355 2570 tribas
1364 2536 1505 2581 Sapinia
1523 2538 1556 2570 in
1570 2537 1648 2571 Um-
