1763 2983
143 172 168 192 a.
189 163 240 192 ch.
258 164 321 191 206-
339 163 400 191 2⁹5-
652 163 777 197 LIBER
802 164 847 197 x.
885 164 979 198 CAP.
1005 165 1058 198 24.
1476 165 1559 206 427

143 267 196 307 ibi
212 266 354 306 Fabius
373 268 460 319 plus
478 271 643 319 poterat,
665 272 843 307 revocata
861 280 923 308 res
934 268 979 307 ad
992 269 1182 321 populum
1200 273 1269 308 est.
1302 269 1343 308 in
1361 267 1557 316 contione,

144 330 188 364 ut
208 323 311 363 inter
331 324 518 364 militares
539 323 642 364 viros
666 328 704 363 et
724 324 835 364 factis
858 325 989 376 potius
1012 339 1131 378 quam
1152 326 1263 365 dietis
1279 326 1415 373 fretos,
1437 338 1559 378 pauca

141 381 257 421 verba
279 381 420 421 habita.
451 381 606 428 Fabius,
639 394 757 433 quam
779 381 959 421 arborem
982 383 1235 429 consevisset,
1267 382 1340 422 sub
1365 396 1408 422 ea
1429 383 1556 434 legere
1586 388 1604 420 5

141 438 259 478 alium
280 438 453 477 fructum
475 437 676 489 indignum
700 450 787 477 esse
810 438 962 486 dicere3
985 453 1026 479 se
1049 440 1250 491 aperuisse
1261 440 1468 479 Ciminiam
1490 440 1558 479 sil-

140 508 226 535 vam
250 495 427 545 viamque
448 507 519 546 per
540 495 670 534 devios
692 496 815 534 saltus
833 495 1012 535 Romano
1035 497 1136 535 bello
1157 496 1311 536 fecisse.
1345 497 1439 548 quid
1461 509 1502 535 se
1517 497 1555 535 id
1585 505 1604 536 6

140 551 279 591 aetatis
301 551 582 599 sollicitassent,
603 552 636 591 si
657 552 729 591 alio
748 552 847 591 duce
864 553 1011 603 gesturi
1025 553 1171 592 bellum
1184 551 1349 593 essent?
1369 553 1557 593 nimirum

138 608 400 648 adversarium
422 621 477 653 se,
499 620 581 648 non
603 608 753 648 socium
776 609 914 660 imperi
936 609 1074 660 legisse
1097 609 1241 649 sensim
1265 609 1487 661 exprobrat,
1519 616 1558 650 et

135 665 320 705 invidisse
342 665 503 705 Decium
526 665 785 705 concordibus
819 666 988 717 collegiis
1009 666 1146 705 tribus.
1179 672 1382 717 postremo
1404 680 1445 706 se
1468 673 1556 706 ten·
1587 675 1605 706 7

138 723 230 762 dere
250 722 347 761 nihil
370 723 470 762 ultra
488 735 605 774 quam
627 727 683 769 ut,
715 723 746 761 si
769 723 928 774 dignum
951 722 1151 775 provincia
1173 724 1376 770 ducerent,
1407 724 1447 762 in
1470 737 1557 764 eam

136 779 358 819 mitterent:
382 780 422 818 in
445 784 603 819 senatus
621 779 781 819 arbitrio
800 793 842 819 se
867 780 990 819 fuisse
1021 780 1118 819 etin
1136 785 1330 832 potestate
1349 781 1480 832 populi
1498 782 1561 820 fu—

137 841 284 876 turum.
316 836 357 876 P.
376 837 517 877 Decius
540 842 701 876 senatus
724 836 906 876 iniuriam
929 837 1188 889 querebatur:
1213 838 1337 888 quoad
1361 838 1562 888 potuerint
1587 845 1606 877 8

135 898 268 945 patres
290 893 460 940 adnisos,
494 906 544 932 ne
565 893 669 945 plebi
691 894 818 933 aditus
841 895 885 933 ad
910 907 1076 945 magnos
1098 895 1269 934 honores
1292 899 1431 941 essetf
1448 900 1559 946 post-
1586 901 1606 933 9

138 963 253 1002 quam
280 950 362 1001 ipsa
383 950 508 990 virtus
526 950 745 1002 pervicerit,
766 963 815 989 ne
837 951 876 989 in
898 952 976 990 ullo
999 963 1144 1002 genere
1161 952 1368 991 hominum
1391 951 1563 990 inhono-

135 1012 218 1046 rata
240 1012 354 1054 esset,
378 1007 524 1058 quaeri,
549 1020 667 1059 quem
686 1008 904 1047 admodum
922 1009 1036 1047 inrita
1050 1008 1128 1047 sint
1138 1021 1217 1048 non
1242 1009 1426 1059 suffragia
1439 1009 1557 1047 modo

135 1064 270 1116 populi
292 1065 359 1103 sed
383 1064 542 1103 arbitria
565 1064 682 1103 etiam
714 1064 907 1112 fortunae,
942 1070 979 1104 et
1011 1065 1054 1104 in
1076 1078 1292 1117 paucorum
1323 1070 1559 1117 potestatem

133 1126 346 1160 vertantur.
380 1121 510 1160 omnis
527 1127 618 1160 ante
636 1134 679 1160 se
697 1122 878 1161 consules
905 1122 1068 1162 sortitos
1084 1122 1305 1174 provincias
1328 1135 1430 1169 esse,
1452 1134 1557 1162 nunc
1587 1129 1627 1161 10

135 1183 242 1217 extra
267 1183 412 1217 sortem
433 1178 553 1218 Fabio
586 1182 772 1218 senatum
803 1179 1046 1230 provinciam
1080 1180 1183 1219 dare.
1230 1179 1261 1218 si
1292 1179 1451 1219 honoris
1474 1179 1557 1219 eius
1590 1188 1626 1220 11

134 1352 217 1385 iiber
234 1352 288 1385 die
302 1351 489 1383 Provinzen
516 1352 579 1383 und
599 1352 700 1384 deren
720 1352 806 1385 ver-

132 1398 281 1438 theilung
294 1397 521 1436 entschieden‚
532 1395 621 1438 jetzt
635 1397 719 1429 wird
733 1408 806 1429 zum

132 1447 245 1475 ersten
263 1442 353 1476 Male
383 1442 434 1475 ein
452 1442 710 1476 Volsbeschluss
728 1453 806 1476 ver—

131 1488 269 1528 anlasst,
288 1498 313 1520 s.
332 1498 373 1520 zu
390 1487 445 1529 28,
462 1488 515 1528 40,
534 1489 572 1529 43
599 1488 806 1531 Marquardt,

131 1534 162 1575 2,
187 1533 219 1575 3,
249 1534 322 1566 168.
346 1552 388 1557 —
410 1535 548 1576 poterat,
574 1543 600 1565 s.
626 1533 656 1574 2,
684 1534 738 1574 25,
769 1535 804 1567 3:

131 1578 202 1611 sein
231 1579 378 1611 Einssuss
410 1581 548 1620 grosser
579 1588 662 1611 war.
696 1598 738 1602 ——
771 1581 804 1612 in

129 1625 290 1664 contione,
304 1634 366 1656 vor
380 1624 440 1656 der
452 1624 694 1665 Abstimmmg,
711 1636 738 1656 c.
751 1625 805 1665 21,

135 1670 186 1709 13,
204 1669 234 1701 iu
252 1670 312 1702 der
328 1669 425 1702 beide
439 1669 512 1701 ihre
527 1669 721 1712 Anspriiche
734 1671 802 1710 gel-

130 1715 208 1746 tend
225 1715 370 1746 macheu.
384 1732 428 1738 —
442 1716 508 1746 viri
520 1725 579 1755 m.,
597 1714 737 1747 manner
751 1715 804 1748 die

132 1760 204 1791 sich
228 1760 480 1800 vorzugsweise
506 1760 569 1791 mit
591 1760 663 1792 dem
681 1758 804 1802 Hriege

129 1804 333 1846 beschaftigt
349 1805 465 1845 haben,
491 1805 559 1845 vgl.
578 1815 606 1837 c.
625 1805 678 1845 22,
705 1805 746 1845 63
771 1806 803 1848 2,

132 1851 183 1890 56,
202 1850 220 1882 8
239 1861 270 1882 u.
288 1861 318 1882 a.
335 1868 378 1873 ·—
396 1850 495 1882 verba
512 1851 554 1890 Ιι.,
576 1861 602 1882 s.
620 1851 673 1893 42,
690 1851 745 1891 61,
767 1851 802 1883 3:

131 1905 213 1936 quae
232 1895 358 1936 (verba)
372 1896 418 1928 ad
429 1897 608 1928 contionem
623 1899 731 1929 vocato
743 1907 803 1929 ea:-

129 1942 232 1973 mita
248 1942 378 1980 habuit,
398 1942 452 1981 24,
474 1942 525 1982 18,
543 1942 579 1979 43
599 1952 629 1974 a.
649 1953 677 1974 a.

178 1987 276 2019 5—7.
306 1987 483 2019 Ciminiam
509 1988 541 2026 9,
559 1987 632 2019 36f.
653 2006 695 2011 -—
713 1990 804 2019 viam

128 2033 214 2076 fea,
262 2032 314 2064 die
362 2032 584 2064 Hindernisse
632 2033 803 2075 beseitigt,

130 2078 257 2110 welche
286 2077 391 2109 einem
420 2076 546 2119 Kriege
579 2083 802 2120 entgegenge-

130 2123 267 2155 standen
280 2123 405 2155 hatten.
424 2142 466 2146 —
483 2123 632 2156 Romano
646 2125 686 2165 b.‚
702 2129 802 2157 statt:

130 2168 290 2201 Romanis
315 2168 362 2200 ad
384 2168 518 2209 bellum,
549 2169 642 2201 Hom.
668 2170 715 2202 ist
740 2170 803 2202 mit

129 2213 329 2246 Nachdruck
360 2215 615 2256 vorangestellt,
643 2215 722 2247 weil
751 2215 804 2247 die

131 2261 211 2292 rom.
230 2258 357 2301 Hriege
375 2259 425 2292 bis
449 2260 549 2292 dahin
576 2260 642 2292 fast
668 2272 732 2292 nur
749 2259 808 2293 auf

130 2306 188 2337 das
225 2305 373 2338 siidliche
408 2305 567 2338 Etrurien
600 2305 805 2339 beschr'zinkt

130 2360 284 2391 gewesen
312 2360 437 2382 waren.
461 2370 503 2374 -—
529 2351 610 2393 quid
638 2356 714 2392 etc.‚
744 2353 804 2385 der

130 2395 250 2428 zweite
275 2395 400 2428 Grund.
426 2414 469 2420 —
494 2395 530 2428 z'd
555 2400 629 2437 aet„
658 2397 718 2430 der
747 2398 804 2429 ad-

129 2441 281 2473 verbiale
291 2441 409 2473 Aecus.
426 2441 564 2474 vertritt
573 2442 631 2474 das
641 2442 805 2484 Attribut,

130 2496 203 2518 cum
227 2486 258 2519 id
282 2487 404 2519 aetatis
430 2488 481 2528 (ea
498 2489 622 2529 aetate)
650 2493 751 2529 esset,
777 2499 803 2520 s.

130 2531 208 2564 Tac.
227 2531 650 2574 Ann.5,9;13,16;vgl.
668 2534 705 2566 L.
728 2535 755 2574 1,
775 2534 806 2575 8,

131 2577 170 2616 33
202 2577 232 2619 8,
255 2577 286 2620 8,
311 2578 340 2610 8.
359 2597 401 2602 -
419 2578 616 2621 sollicitam„
641 2591 669 2612 c.
698 2579 750 2621 13,
775 2580 805 2611 6.

879 1371 921 1376 ——-
936 1355 1097 1385 nimirum
1113 1358 1188 1393 etc,
1209 1353 1249 1385 da
1262 1353 1346 1386 habe
1361 1363 1398 1385 er
1411 1352 1555 1386 freilich-

879 1417 921 1422 ——-
940 1398 988 1441 leg
973 1400 1061 1431 wisse
1086 1409 1115 1430 n.
1141 1399 1214 1440 sibi,
1244 1399 1347 1431 durch
1371 1399 1463 1431 seiue
1479 1399 1556 1430 Em-

878 1443 1048 1487 pfehlung,
1063 1455 1090 1476 c.
1105 1444 1157 1484 22,
1171 1444 1200 1476 2.
1218 1462 1262 1467 —
1277 1446 1412 1487 sensim,
1427 1454 1464 1476 er
1477 1445 1556 1486 geht

878 1489 1030 1530 allm‘alig
1045 1500 1087 1521 zu
1107 1487 1307 1522 Vorwiirfen
1332 1490 1423 1522 iiber.
1443 1509 1485 1513 —
1503 1491 1555 1521 in-

880 1534 1018 1567 szzdzsse
1060 1534 1182 1567 Decius
1222 1535 1307 1567 habe
1349 1546 1389 1567 zu
1429 1535 1554 1568 seinem

878 1579 1394 1613 feindlichenAustretenkeinen
1409 1581 1554 1613 anderen

880 1624 1008 1667 Grund,
1034 1626 1085 1658 als
1112 1626 1188 1657 dass
1208 1635 1245 1658 er
1262 1625 1479 1658 unzufrieden
1503 1626 1554 1658 sei

878 1671 960 1703 iiber
982 1671 1051 1703 ihre
1069 1671 1249 1703 Eintracht
1277 1671 1400 1711 <dieses
1424 1671 1468 1703 ist
1493 1671 1553 1704 der

878 1716 1121 1759 Hauptbegriff)
1129 1717 1180 1749 als
1188 1715 1344 1758 Collegen
1354 1717 1385 1748 in
1395 1717 1413 1748 3
1422 1716 1553 1749 staats—

877 1762 1007 1794 {imtern
1027 1766 1063 1800 (s.
1083 1773 1110 1794 c.
1130 1762 1184 1802 22,
1211 1762 1260 1801 3);
1290 1773 1351 1794 nur
1376 1773 1429 1794 um
1446 1762 1553 1794 Streit

876 1819 917 1839 zu
933 1807 1038 1839 haben
1057 1808 1107 1840 sei
1124 1818 1162 1840 er
1186 1818 1222 1839 so
1246 1806 1467 1850 aufgetreten,
1493 1818 1552 1840 aus

876 1852 1087 1885 Ueberdruss
1111 1864 1150 1885 an
1176 1853 1235 1884 der
1252 1852 1439 1885 Eintracht.
1457 1872 1500 1876 -—
1518 1855 1553 1884 in

875 1899 1016 1930 arbitrio
1050 1898 1116 1930 wie
1149 1903 1244 1930 sonst
1275 1900 1309 1930 1772
1337 1901 1552 1940 auctoritate,

876 1944 945 1985 vgl.
965 1944 994 1986 3,
1013 1944 1065 1976 21.
1089 1944 1115 1976 1.

922 1989 1045 2022 8—13.
1078 1991 1200 2032 patres,
1230 2000 1255 2020 s.
1280 1989 1300 2031 ξ
1324 1988 1353 2021 3.
1385 1990 1552 2033 patriciis.

877 2034 999 2066 Decius
1023 2034 1108 2067 fasst
1130 2035 1192 2067 den
1211 2034 1320 2066 Streit
1344 2035 1395 2067 als
1421 2034 1554 2068 Partei-

876 2080 985 2122 sache,
1000 2079 1122 2112 Fabius
1137 2080 1187 2112 als
1202 2080 1415 2122 ρει-3611118118
1430 2079 1495 2112 auf.
1510 2100 1552 2104 -—

872 2125 970 2169 plebi,
989 2127 1019 2165 7,
1037 2125 1089 2165 32,
1113 2127 1164 2159 14.
1182 2144 1226 2149 —-
1239 2136 1374 2167 genere,
1392 2127 1423 2167 8,
1441 2127 1494 2166 21,
1520 2128 1552 2158 6.

878 2190 921 2194 -
950 2173 1045 2214 ipsa,
1079 2171 1185 2203 durch
1215 2171 1332 2212 eigene
1364 2169 1475 2204 Kraft.
1509 2191 1552 2195 -—

877 2218 1030 2258 suffrag:
1052 2227 1142 2260 pop„
1168 2217 1276 2248 indem
1304 2217 1355 2248 die
1377 2218 1480 2249 durch
1499 2217 1553 2249 die

878 2262 981 2294 Wahl
1000 2262 1247 2304 iibertrageuen
1264 2261 1390 2295 Rechtc
1407 2263 1471 2294 und
1487 2262 1553 2294 Ge-

876 2306 1003 2339 schiifte
1013 2313 1176 2349 entzogeu
1185 2308 1334 2340 wiirden.
1346 2327 1388 2331 —
1396 2309 1553 2350 arbitria,

878 2353 931 2385 dic
946 2353 1197 2394 Entscheidung
1215 2354 1320 2385 durch
1333 2354 1390 2385 das
1406 2353 1504 2394 Loos,
1522 2354 1552 2393 8,

879 2398 930 2438 16,
954 2400 984 2437 5,
1004 2399 1070 2440 vgl.
1088 2399 1142 2441 44,
1169 2400 1220 2439 15,
1247 2401 1277 2430 5.
1296 2418 1337 2422 —
1354 2409 1553 2442 paucorum,

878 2444 932 2476 die
957 2443 1141 2476 Senatoreu
1167 2444 1364 2487 uberhaupt,
1394 2445 1475 2475 oder
1500 2445 1554 2477 die

878 2489 1184 2522 einssussreichsten
1200 2495 1298 2522 unter
1310 2490 1500 2521 denselben.
1511 2509 1554 2513 ——

879 2536 998 2575 οπιηίε,
1032 2535 1241 2567 rhetorische
1275 2534 1486 2575 Steigerung,
1525 2546 1553 2571 s,

878 2580 900 2623 ξ
919 2580 949 2613 3.
968 2599 1010 2604 —-
1027 2581 1162 2613 lionoris
1179 2592 1206 2613 e.
1225 2591 1264 2623 c.,
1280 2580 1347 2623 vgl.
1367 2580 1399 2622 8,
1426 2581 1477 2623 14,
1498 2581 1548 2617 10;
