1763 2983
105 203 129 221 a.
149 194 199 222 Ch.
219 193 278 220 320.
291 193 350 220 319.

607 192 731 225 LIBER
756 192 814 224 IX.
853 192 948 225 CAP.
977 193 1027 225 16.

1439 192 1515 232 301

107 298 242 349 ipsam,
265 294 341 348 quo
364 309 405 335 se
425 297 510 335 fusa
532 297 748 335 contulerat
768 295 881 342 acies,
905 295 1106 335 obsidibus
1127 296 1326 347 imperatis
1349 295 1389 334 in
1409 295 1519 334 dedi·
1570 289 1583 294 '¹

106 355 253 393 tionem
281 354 437 405 accepit.
484 354 565 404 pari
592 354 747 392 fortuna
778 353 915 391 consul
942 354 1038 391 alter
1067 365 1157 392 cum
1186 352 1416 399 Satricanis,
1447 351 1514 403 qui
1545 354 1563 385 2

104 411 202 450 cives
234 410 401 448 Romani
431 416 522 461 post
552 410 762 449 Caudinam
795 409 944 448 cladem
983 410 1030 448 ad
1063 410 1258 448 Samnites
1297 409 1522 448 defecerant

104 467 421 519 praesidiumque
452 479 588 505 eorum
618 467 658 504 in
689 466 828 504 urbem
859 472 1099 516 acceperant,
1132 479 1216 505 rem
1248 466 1378 517 gessit.
1425 478 1516 505 nam
1546 473 1564 501 3

104 537 192 563 cum
214 524 261 562 ad
284 523 437 562 moenia
455 523 593 562 Satrici
610 523 791 562 admotus
809 530 914 561 esset
929 522 1136 569 exereitus,
1159 524 1372 575 legatisque
1390 523 1517 561 missis

105 581 148 620 ad
172 593 305 631 pacem
335 593 425 619 cuin
447 580 628 631 precibus
650 580 857 631 petendam
886 579 996 618 triste·
1016 591 1253 630 responsum
1283 580 1328 618 ah
1358 580 1517 618 consule

103 637 300 676 redditum
323 644 441 683 esset,
473 637 547 676 nisi
568 637 761 688 praesidio
785 636 1022 675 Samnitium
1044 636 1252 674 interfecto
1281 642 1348 675 aut
1377 636 1517 675 tradito

104 706 153 733 ne
175 694 223 732 ad
245 706 285 732 se
307 700 538 741 remearent,
561 694 649 745 plus
671 707 713 732 ea
735 706 829 732 voce
852 706 968 744 quam
991 693 1110 731 armis
1127 692 1256 732 inlatis
1273 693 1433 732 terroris
1451 706 1517 732 co-

103 751 201 790 lonis
223 751 423 789 iniectum.
465 752 594 802 itaque
616 750 783 789 subinde
805 755 1042 789 exsecuntur
1063 750 1286 801 quaerendo
1317 762 1336 788 a
1358 751 1517 788 consule
1547 754 1567 784 4

104 808 236 858 legati,
267 821 439 859 quonam
468 821 509 846 se
539 813 649 859 pacto
678 819 821 859 paucos
851 813 889 845 et
917 807 1095 845 infirmos
1123 807 1303 845 crederet
1323 806 1517 857 praesidio

102 871 181 904 tam
203 865 323 903 valido
346 873 383 903 et
404 873 551 903 armato
575 864 652 903 vim
675 865 884 903 adlaturos.
925 864 972 903 ab
1002 863 1128 902 isdem
1158 864 1360 902 consilium
1383 869 1518 915 petere

102 921 206 967 iussi,
226 922 366 972 quibus
390 922 611 960 auctoribus
632 921 871 973 praesidium
894 921 935 959 in
958 920 1097 959 urbem
1120 920 1373 971 accepissent,
1392 920 1518 959 disce-

103 978 210 1025 dunt,
234 991 423 1030 aegreque
444 978 665 1030 impetratO,
687 984 731 1017 ut
752 978 800 1016 de
822 991 865 1017 ea
881 991 923 1016 re
940 978 1090 1016 consuli
1105 983 1287 1017 senatum
1303 989 1513 1028 responsa-
1545 990 1563 1021 5

105 1048 180 1086 que
202 1036 248 1074 ad
271 1049 312 1074 se
334 1036 472 1074 referri
494 1036 651 1081 sineret,
673 1036 720 1073 ad
743 1048 834 1074 suos
856 1036 1034 1074 redeunt.
1073 1034 1172 1073 duae
1193 1035 1381 1074 factiones
1403 1046 1519 1073 sena-
1535 1035 1567 1079 ’6

106 1098 187 1130 tum
210 1092 456 1138 distinebant,
478 1104 573 1138 una,
597 1093 706 1131 cuius
728 1091 923 1143 principes
946 1097 1055 1131 erant
1076 1091 1307 1130 defectionis
1331 1104 1352 1130 a
1372 1092 1517 1143 populo

103 1148 278 1187 Romano
301 1155 497 1196 auctores,
525 1150 645 1188 altera
665 1149 838 1187 fidelium
860 1148 1014 1187 civium.
1063 1154 1255 1188 certatum
1275 1148 1322 1187 ab
1344 1148 1518 1199 utrisque

105 1211 235 1243 tamen
257 1212 327 1252 est,
350 1212 394 1245 ut
415 1206 462 1244 ad
482 1206 806 1245 reconciliandam
829 1218 963 1257 pacem
986 1205 1134 1244 consuli
1155 1217 1271 1257 opera
1298 1211 1516 1244 navaretur.

106 1274 194 1312 pars
216 1263 346 1309 altera,
369 1275 458 1302 curn
480 1263 714 1314 praesidium
738 1263 985 1308 Samnitium,
1008 1262 1098 1313 quia
1119 1262 1218 1301 nihil
1238 1263 1330 1301 satis
1351 1274 1516 1313 praepa—
1549 1273 1566 1304 7

104 1319 175 1357 rati
197 1325 278 1357 erat
299 1320 344 1357 ad
367 1320 614 1358 ohsidionem
638 1320 899 1365 tolerandam,
931 1332 1186 1358 excessurum
1207 1319 1383 1370 proxima
1405 1324 1518 1357 nocte

106 1382 218 1421 esset,
253 1377 455 1415 enuntiare
488 1376 639 1414 consuli
671 1377 764 1415 satis
796 1375 943 1422 habuit,
977 1389 1050 1427 qua
1083 1376 1209 1414 noctis
1240 1377 1336 1414 hora
1367 1387 1522 1427 quaque

105 1438 214 1482 porta
245 1438 282 1471 et
313 1446 429 1484 quam
459 1433 500 1471 in
531 1433 631 1472 viam
663 1445 890 1484 egressurus
914 1433 1037 1471 hostis
1060 1435 1178 1481 foret,
1209 1433 1341 1480 altera,
1374 1432 1518 1484 quibus
1547 1438 1566 1470 8

105 1488 231 1527 invitis
263 1489 451 1528 descitum
482 1490 528 1528 ad
552 1490 748 1529 Samnites
781 1495 875 1536 erat,
909 1490 1045 1529 eadem
1076 1496 1191 1529 nocte
1214 1495 1368 1541 portam
1400 1489 1516 1528 etiam

105 1546 252 1585 consuli
281 1552 530 1598 aperuerunt,
560 1552 807 1598 armatosque
835 1548 933 1586 clam
963 1547 1101 1597 [nocte]
1133 1547 1176 1586 in
1197 1547 1338 1586 urbem
1358 1559 1519 1597 accepe—

105 1672 258 1706 bedurste
276 1684 311 1706 es
330 1675 429 1715 nicht,
447 1686 473 1706 S.
498 1676 524 1715 1,
544 1675 595 1716 51,
614 1676 644 1706 3.

149 1719 247 1751 2-3.
275 1719 452 1760 Sam-ima„
471 1731 498 1752 c.
517 1721 568 1761 12,
586 1721 772 1760 5.—-cz'z·es,

107 1775 202 1796 wann
221 1764 252 1796 in
270 1765 321 1797 (lie
341 1765 454 1807 Stadt,
484 1766 538 1798 die
557 1770 586 1805 δ,
609 1765 636 1806 1,
655 1765 686 1807 2,
704 1766 771 1807 vgl.

106 1810 186 1849 7‚27
201 1809 234 1851 f.‚
253 1811 336 1843 noch
353 1812 384 1843 in
403 1811 583 1843 dei-Macht
603 1811 772 1843 dei-Vols-

105 1854 165 1886 ker
182 1855 235 1897 ist,
254 1857 382 1889 wieder
401 1857 472 1889 eine
484 1856 621 1889 Colonie
636 1855 772 1898 gefiihrt

104 1901 239 1932 worden
264 1902 329 1943 sei,
354 1913 380 1934 s.
400 1904 431 1944 6,
460 1904 509 1944 16,
529 1903 564 1942 63
590 1901 770 1934 Mommsen

107 1944 225 1978 Gesch.
250 1948 307 1979 des
334 1950 414 1980 1-6111.
438 1947 580 1980 Miinzw.
606 1948 688 1987 313,
713 1949 770 1979 hat

106 1990 142 2023 L.
160 1992 253 2024 nicht
281 1993 441 2026 bemerkt.
478 1993 548 2025 Aus
578 1995 649 2025 dem
675 1992 769 2034 Folg.

106 2037 181 2077 geht
208 2039 346 2079 hervor,
380 2040 456 2071 dass
487 2040 534 2071 sie
563 2040 622 2072 der
646 2038 770 2071 Ueber-

107 2083 213 2114 maeht
230 2084 289 2116 der
304 2084 355 2116 bis
373 2095 412 2116 an
432 2085 491 2117 das
506 2084 770 2126 Volskergebir-

109 2138 146 2168 ge
164 2130 458 2172 x‘orgedrungenen
477 2131 647 2163 Samniten
670 2131 770 2162 nach-

107 2174 251 2213 gegeben
267 2176 334 2208 hat.
359 2195 402 2199 —
427 2187 503 2208 eccm
517 2177 646 2220 precib„
671 2181 770 2208 unter

107 2218 225 2260 Bitten,
244 2231 269 2252 s.
290 2232 316 2254 e.
337 2221 389 2264 11,
408 2222 447 2262 3;
465 2222 711 2263 gewijhnlicher
725 2222 770 2254 ist

107 2264 165 2295 der
175 2264 294 2298 *blosse
311 2266 434 2308 Ablue,
460 2279 486 2299 s.
507 2268 536 2308 2,
556 2268 585 2309 2,
604 2268 640 2307 83
669 2270 695 2307 1,
719 2269 770 2309 16,

108 2308 125 2339 3
145 2320 174 2341 u.
192 2320 238 2351 a.,
256 2312 324 2352 vgl.
344 2313 381 2353 7,
402 2313 461 2355 35,
482 2314 515 2345 1;
540 2324 618 2345 cum
640 2313 771 2345 silentio

107 2355 137 2397 4,
155 2355 184 2397 9,
204 2357 222 2388 S
241 2368 271 2389 u.
290 2369 315 2389 s.
333 2367 395 2390 w.·

151 2401 248 2434 4—7.
285 2404 433 2446 subinde,
463 2416 503 2436 zu
526 2404 770 2436 wiedcrholteu

106 2447 223 2480 lualen.
241 2468 283 2472 ——
300 2460 407 2482 ea‘sec.
426 2460 550 2492 quaer„
569 2462 596 2482 c.
610 2451 640 2491 3,
663 2453 713 2483 11.
727 2470 769 2473 -—

103 2503 237 2535 paucos.
278 2494 315 2527 L.
340 2495 439 2527 denkt
472 2506 513 2527 an
546 2495 598 2528 die
632 2496 770 2537 ger-inge

107 2537 190 2570 zahl
207 2540 294 2581 (300)
313 2541 372 2573 der
390 2541 594 2573 Colonisten.
610 2560 652 2564 —
665 2542 706 2573 ab
724 2544 770 2573 ’ἰε-

107 2583 188 2623 dem,
207 2595 232 2617 s.
248 2585 377 2627 c.15,4.
405 2587 468 2618 Das
488 2587 681 2630 Asyndeton
693 2587 771 2619 heht

107 2629 168 2661 deu
187 2628 384 2672 Gegensatz.
403 2651 444 2656 -—
463 2634 608 2677 impetra,
626 2643 651 2664 s.
666 2633 699 2674 6,
717 2633 770 2673 25,

847 1676 882 1706 5:
907 1675 971 1705 und
989 1674 1147 1706 nachdem
1175 1674 1222 1707 sie
1248 1685 1279 1706 u.
1299 1685 1325 1706 s.
1344 1684 1408 1713 W.;
1434 1674 1518 1706 nach

846 1720 953 1751 eiuem
977 1730 1082 1751 neuen
1110 1719 1283 1752 Versuche
1307 1720 1370 1751 den
1394 1719 1517 1751 Consul

845 1776 886 1797 zu
918 1765 1076 1808 erbitten,
1109 1771 1204 1797 sonst
1227 1765 1342 1797 wiirde
1375 1775 1410 1796 es
1444 1765 1515 1796 dem

844 1811 1072 1852 verbm-gen:
1104 1810 1281 1843 discedunt
1312 1811 1516 1853 widerspre-

845 1857 937 1888 chen.
958 1876 999 1879 ——
1016 1859 1182 1898 senatum,
1201 1868 1226 1889 s.
1246 1858 1278 1898 6,
1298 1856 1352 1896 21,
1372 1855 1402 1887 8.
1421 1874 1464 1878 —
1482 1867 1516 1887 se

845 1914 875 1934 n.
895 1901 1060 1945 Papirius.
1079 1921 1121 1925 —
1137 1903 1280 1944 facilen.
1296 1914 1323 1933 s.
1337 1901 1427 1943 dist„
1446 1901 1513 1943 vgl.

846 1949 876 1988 5,
896 1948 948 1989 20,
966 1949 1002 1979 4:
1026 1947 1112 1980 duae
1133 1951 1286 1980 senatmn
1316 1947 1515 1979 distinebant

844 1995 1038 2025 sententiae.
1062 2013 1103 2016 -—
1124 1993 1279 2035 fidelium
1299 2004 1344 2034 (κ,
1371 2003 1405 2025 es
1424 1992 1514 2024 wiire

845 2040 923 2071 sehr
951 2037 1152 2081 auffallend,
1181 2050 1277 2071 wenn
1306 2039 1396 2071 diese
1424 2038 1516 2069 nicht

844 2085 969 2117 vorher
993 2085 1109 2117 wiiren
1138 2085 1331 2118 vertrieben
1356 2085 1437 2116 oder
1459 2093 1517 2125 ge-

844 2130 953 2162 tiidtet
970 2131 1168 2162 worden.—
1183 2133 1309 2172 tamen,
1324 2142 1349 2163 s.
1370 2130 1399 2170 8,
1422 2129 1472 2170 10,
1486 2130 1516 2170 3,

846 2176 997 2216 obgleich
1014 2176 1066 2208 ‹lie
1083 2177 1158 2208 eine
1168 2176 1282 2209 Partei
1296 2177 1356 2209 den
1372 2176 1514 2208 Ro'mern

844 2220 1002 2254 feindlich
1020 2232 1102 2254 war.
1122 2240 1161 2244 —
1185 2233 1356 2266 praepar„
1381 2221 1445 2253 wie
1462 2222 1515 2252 ηἰ-

843 2266 892 2298 leil
905 2266 1061 2299 mandati
1075 2267 1129 2309 32,
1149 2267 1201 2311 37,
1220 2268 1251 2309 5,
1271 2269 1337 2310 vgl.
1361 2268 1391 2308 7,
1410 2268 1464 2307 35,
1483 2266 1513 2298 8.

843 2331 887 2335 ——
904 2316 977 2345 erat
994 2313 1040 2345 ad
1055 2314 1115 2354 ob.,
1135 2314 1175 2345 da
1192 2324 1274 2355 war,
1293 2325 1346 2346 um
1363 2324 1395 2344 u.
1412 2322 1436 2344 S.
1453 2321 1514 2350 w.;

845 2358 897 2389 die
915 2359 1103 2399 Besatzuug
1126 2370 1199 2391 war
1219 2359 1306 2400 jetzt
1332 2370 1397 2391 von
1421 2357 1514 2389 Sam—

845 2404 935 2436 nium
963 2404 1227 2446 abgeschnitten.
1255 2424 1297 2428 —
1327 2405 1514 2442 enuntiare,

845 2450 924 2482 weil
953 2461 987 2482 es
1018 2450 1062 2482 im
1089 2449 1268 2483 Geheimen
1299 2449 1512 2482 beschlosseu

845 2505 929 2528 war.
946 2497 1108 2538 ——soret,
1127 2507 1154 2528 s.
1173 2496 1204 2537 6,
1222 2496 1277 2537 42,
1300 2496 1348 2528 12.

892 2541 989 2574 8-9,
1015 2541 1156 2574 altera-
1167 2551 1329 2584 aperuer„
1351 2551 1377 2572 s.
1392 2539 1446 2578 23,
1460 2540 1513 2578 39,

846 2585 882 2626 83
900 2587 932 2628 2,
952 2588 1001 2627 14,
1020 2587 1056 2627 83
1074 2597 1115 2618 an
1132 2598 1164 2618 u.
1189 2586 1238 2619 St.
1257 2586 1336 2618 tritt
1356 2585 1415 2617 der
1435 2584 1513 2616 Piu-

844 2632 896 2664 ral
919 2634 1021 2664 sehon
1044 2631 1098 2664 bei
1122 2632 1240 2673 quibus
1261 2632 1324 2663 ein.
1355 2649 1397 2653 —
1424 2632 1515 2661 nocte
