1763 2983
254 185 337 228 316

727 185 850 218 LIBER
876 185 1001 218 XXIII.
1034 184 1125 218 CAP.
1154 187 1205 233 15,

1511 193 1538 212 a.
1560 193 1586 212 u.
1607 185 1668 212 538.

253 300 504 339 quocumque
534 287 699 338 hospitia
722 292 787 326 aut
807 287 990 326 fortuitus
1013 287 1131 326 animi
1149 287 1318 338 impetus
1340 287 1434 334 tulit,
1460 300 1528 338 per
1552 289 1666 327 Cam-

210 344 385 395 spaniae
414 343 542 389 urbes,
574 344 739 382 maxime
760 344 896 381 Nolam
917 344 1207 395 Neapolimque.
1248 357 1336 382 cum
1370 346 1492 382 ferme
1518 345 1670 395 triginta

250 407 448 439 senatores
489 412 531 438 ac
564 401 664 438 forte
694 399 844 450 primus
876 400 1041 450 quisque
1072 400 1242 451 Capuam
1273 400 1475 450 petissent,
1520 402 1664 439 exclusi

247 456 347 502 inde,
379 456 484 506 quod
516 462 646 506 portas
668 455 871 494 Hannibali
896 456 1133 503 clausissent,
1163 456 1302 495 Cumas
1333 469 1373 495 se
1405 457 1664 496 contulerunt.

249 513 434 552 Nuceriae
460 512 601 563 praeda
632 512 739 550 militi
770 512 854 550 data
884 518 950 558 est,
984 512 1076 550 urbs
1107 512 1255 563 direpta
1283 518 1396 563 atque
1422 513 1592 552 incensa.

210 579 229 608 7
362 569 498 608 Nolam
525 569 726 607 Marcellus
755 580 836 606 non
867 569 927 606 sui
952 569 1072 619 magis
1102 569 1241 607 fiducia
1272 569 1438 619 praesidi
1459 581 1575 619 quam
1596 581 1667 607 vo-

248 626 393 663 luntate
429 625 653 676 principum
682 624 855 663 habebat.

915 625 1023 675 plebs
1055 625 1260 663 timebatur
1291 632 1327 664 et
1355 632 1442 664 ante
1473 626 1600 664 omnis
1624 625 1665 663 L.

249 681 429 727 Bantius,
474 693 592 732 quem
633 681 867 719 couscientia
911 687 1114 732 temptatae
1152 681 1379 720 defectionis
1419 694 1461 720 ac
1492 688 1618 720 metus
1649 695 1670 720 a

249 744 426 788 praetore
448 738 625 776 Romano
656 750 762 775 nunc
792 737 837 775 ad
867 738 1127 788 proditionem
1159 738 1312 788 patriae,
1344 750 1461 784 nunc,
1492 739 1523 776 si
1554 738 1599 776 ad
1631 738 1669 776 id

211 810 229 842 S
249 796 407 832 fortuna
439 794 644 840 defuisset,
676 794 720 832 ad
753 794 1092 844 transfugiendum
1122 794 1350 832 stimulabat.

1411 800 1490 832 erat
1518 795 1669 832 iuvenis

248 862 335 888 acer
362 856 398 889 et
418 850 617 889 sociorum
639 863 682 888 ea
704 856 928 901 tempestate
948 862 1069 901 prope
1089 850 1354 888 nobilissimus
1377 863 1508 901 eques.
1548 850 1666 888 semi—

249 919 384 945 necem
406 919 495 945 eum
518 907 564 944 ad
587 907 736 946 Cannas
756 907 796 944 in
818 919 956 945 acervo
985 919 1186 945 caesorum
1220 919 1430 957 corporum
1464 907 1668 945 inventum

250 969 505 1013 curatumque
536 963 702 1013 benigue
733 964 845 1001 etiam
867 975 957 1001 cum
978 963 1090 1000 donis
1112 963 1305 1001 Hannibal
1326 963 1488 1001 domum
1506 963 1668 1002 remise-

209 1026 320 1067 91111,
368 1019 417 1057 ob
450 1020 532 1057 eius
564 1020 723 1070 gratiam
751 1020 875 1057 meriti
902 1032 985 1057 rem
1017 1019 1203 1057 Nolanam
1234 1019 1274 1057 in
1305 1020 1365 1057 ius
1397 1019 1668 1070 dicionemque

249 1075 339 1114 dare
361 1076 534 1114 voluerat
554 1075 700 1121 Poeno,
727 1076 965 1125 anxiumque
990 1087 1079 1112 eum
1104 1081 1139 1113 et
1160 1075 1365 1113 sollicitum
1389 1088 1479 1113 cura
1501 1076 1671 1113 novandi

189 1139 309 1170 mres
336 1137 492 1181 praetor
521 1132 713 1170 cernebat.
756 1137 927 1170 ceterum
960 1143 1050 1169 cuin
1072 1137 1136 1169 aut
1160 1144 1284 1181 poena
1307 1131 1549 1170 cohibendus
1571 1138 1672 1170 esset

248 1193 313 1226 aut
334 1187 521 1226 beneficio
543 1188 820 1234 conciliandus,
841 1188 913 1226 sibi
935 1187 1198 1237 adsumpsisse
1222 1200 1336 1239 quam
1359 1188 1460 1226 hosti
1482 1188 1671 1226 ademisse

251 1246 390 1282 fortem
423 1257 464 1282 ac
496 1250 701 1282 strenuum
734 1245 865 1282 maluit
893 1244 1055 1289 socium,
1086 1244 1329 1295 accitumque
1360 1244 1406 1282 ad
1437 1256 1477 1282 se
1504 1244 1670 1295 benigne

189 1310 227 1340 11
251 1300 434 1350 appellat:
457 1300 599 1338 multos
623 1313 712 1339 611111
735 1301 887 1338 invidos
911 1301 1011 1338 inter
1034 1301 1230 1350 popularis
1254 1300 1407 1347 habere,
1429 1300 1518 1338 inde
1540 1300 1671 1338 existi—

250 1363 352 1395 matu
380 1357 486 1394 facile
509 1369 605 1403 esse,
628 1357 731 1407 quod
757 1369 872 1395 nemo
895 1357 987 1394 civis
1009 1356 1181 1395 Nolanus
1205 1357 1276 1395 sibi
1295 1357 1530 1403 indicaverit,
1553 1369 1672 1407 quam

191 1422 229 1452 12
251 1414 368 1451 multa
398 1413 480 1452 eius
503 1414 651 1463 egregia
673 1414 842 1451 facinora
866 1413 1040 1451 militaria
1060 1420 1210 1459 essent,
1245 1414 1310 1451 sed
1336 1414 1402 1463 qui
1422 1414 1461 1451 in
1483 1413 1671 1452 Romanis

251 1469 467 1507 militaverit.
488 1470 632 1515 castris,
655 1482 735 1507 non
757 1482 871 1520 posse
896 1469 1103 1507 obscuram
1125 1470 1206 1507 eius
1231 1471 1411 1508 virtutem
1434 1482 1534 1508 esse:
1567 1469 1670 1507 mul-

252 1533 310 1564 tos
332 1525 415 1571 sibi,
439 1526 504 1575 qui
527 1538 616 1563 cum
639 1538 684 1564 eo
707 1526 895 1576 stipendia
918 1526 1089 1571 fecerint,
1121 1528 1279 1572 referre,
1309 1526 1374 1575 11111
1397 1528 1454 1564 vir
1477 1532 1577 1564 esset
1597 1526 1670 1571 ille,

251 1594 427 1632 quaeque
459 1588 493 1620 et
521 1582 700 1631 quotiens
732 1582 900 1632 pericula
932 1595 1002 1633 pro
1027 1582 1145 1620 salute
1169 1595 1210 1620 ac
1235 1583 1414 1632 dignitate
1434 1582 1567 1632 populi
1590 1582 1671 1620 Ro-

250 1750 307 1781 der
331 1749 492 1791 Tempora
518 1751 572 1791 22,
599 1750 652 1788 32,
683 1752 712 1782 S.
729 1751 928 1789 —hospite'a,

255 1796 337 1826 dazu
363 1795 406 1826 ist
434 1805 491 1826 aus
516 1797 588 1826 tulit
608 1794 659 1826 eiu
681 1805 927 1835 angeiuessenes

250 1839 407 1871 Priidicat
433 1851 471 1871 zu
505 1841 707 1872 entnehmen.
730 1842 924 1882 ——j'ortu-z't.

250 1898 278 1917 α.
306 1889 339 1924 22,
366 1888 420 1925 22,
449 1888 501 1923 50,
532 1887 580 1918 12.
600 1904 644 1908 —
669 1888 858 1929 Campaniae
884 1886 926 1916 im

252 1931 413 1963 weiteren
439 1931 548 1962 Sinne.

297 2024 395 2054 7—9.
412 2024 513 2061 fidae.
540 2032 665 2061 pram,
707 2021 797 2051 nicht
822 2020 926 2051 sowol

251 2067 329 2098 weil
354 2067 419 2097 ihm
436 2084 478 2088 —
500 2065 686 2097 Vertrauen
713 2066 877 2097 einssiisste
896 2077 925 2096 u.

252 2123 277 2143 s.
313 2122 373 2151 w,
411 2111 452 2142 ini
480 2110 684 2151 Gegensatze
711 2122 749 2142 zu
776 2112 833 2142 der
857 2111 927 2141 An-

252 2156 481 2197 h'anglichkeit
517 2157 575 2187 der
608 2157 856 2196 Angesehenen.
888 2175 925 2177 u

252 2205 408 2243 Bantius,
446 2201 509 2232 wie
535 2202 594 2233 ‹lex-
619 2201 721 2233 Nauie
747 2202 805 2232 der
830 2201 927 2232 stadt

252 2247 387 2287 Bantia,
427 2247 478 2278 bei
511 2246 614 2280 Piut..
653 2247 711 2278 der
747 2247 798 2278 die
823 2246 928 2278 Sache

253 2293 412 2332 ausmalt,
443 2303 468 2323 c.
502 2293 552 2328 10,
580 2288 754 2329 Βάνδιος.
781 2309 823 2314 --
853 2304 928 2324 0072-

253 2341 404 2376 sez'emia,
432 2337 498 2378 vgl.
525 2348 551 2371 c,
580 2340 620 2377 ’7,
665 2339 724 2379 103
764 2340 800 2375 S,
830 2340 859 2370 7.
886 2356 928 2360 —

255 2391 350 2415 metus
376 2396 405 2423 a,
432 2383 557 2414 Furcht
584 2393 645 2414 vor
670 2383 739 2414 (lem
766 2382 830 2423 Pr„
874 2385 927 2419 32,

255 2431 308 2467 23,
335 2432 372 2461 9:
400 2436 481 2461 metu
499 2440 615 2467 poenae
631 2441 650 2460 α
670 2431 824 2460 Romanis
833 2441 847 2467 ‚·
872 2431 926 2467 45,

255 2476 314 2513 26,
358 2476 374 2507 7
411 2486 439 2505 u.
474 2484 502 2505 a.
537 2492 574 2497 —
614 2476 807 2514 prodvhbn„
846 2475 929 2505 auch

256 2520 357 2550 durch
384 2520 472 2551 dicse
493 2520 583 2552 ware
612 2529 648 2551 er
673 2520 731 2551 der
752 2530 792 2551 zu
815 2517 929 2550 fiirch-

257 2565 374 2596 tenden
412 2564 523 2596 Stral'e
552 2569 748 2606 entgangen.
778 2583 816 2586 ·—
846 2576 931 2596 mmo

256 2628 298 2631 —
323 2621 425 2643 mene.
468 2610 519 2642 bei
565 2610 599 2641 L.
641 2611 707 2641 wal
747 2614 858 2641 zuerst
899 2610 929 2640 in

1000 1748 1122 1788 Prosa,
1155 1749 1234 1780 aber
1258 1748 1388 1789 hiiufig,
1414 1748 1508 1780 stellt
1533 1748 1566 1779 iu
1591 1758 1669 1779 ver-

1000 1794 1195 1826 schiedenen
1217 1794 1475 1825 Zeitinolnenten
1500 1793 1672 1834 Erfolgtes

998 1840 1261 1872 nebeneiuander
1281 1840 1346 1871 und
1363 1839 1672 1880 vergegenwiirtigt

997 1885 1157 1921 dasselbe,
1185 1885 1251 1925 vgl.
1282 1888 1337 1926 30,
1363 1887 1415 1923 37,
1444 1887 1481 1923 93
1510 1886 1540 1921 2,
1563 1886 1614 1921 10,
1632 1886 1673 1925 ὃς

997 1932 1027 1967 3,
1056 1933 1109 1965 49,
1136 1931 1155 1962 2
1182 1942 1212 1961 u.
1238 1940 1266 1961 a.
1295 1949 1338 1952 ——
1363 1932 1559 1968 stimulabat,
1594 1928 1672 1960 Tac.

997 1975 1075 2016 Agr.
1107 1977 1162 2008 16:
1186 1986 1263 2016 quos
1287 1977 1475 2007 conscientia
1492 1976 1674 2015 defectionis

996 2028 1023 2052 et
1047 2032 1084 2052 ex
1117 2024 1213 2062 leyato
1246 2023 1339 2051 timor
1369 2022 1514 2061 ayitabat.
1557 2037 1593 2041 -
1626 2022 1677 2051 ius

996 2068 1067 2106 die„
1091 2067 1143 2101 21,
1172 2067 1224 2104 61,
1253 2068 1282 2097 7.
1301 2084 1342 2088 —
1361 2069 1491 2097 anxium
1515 2065 1546 2096 in
1568 2065 1675 2106 Bezug

997 2111 1056 2142 auf
1077 2118 1175 2142 metus
1184 2123 1197 2150 ,·
1229 2113 1394 2143 sollicitum
1426 2111 1460 2142 in
1496 2110 1676 2142 Riieksieht

997 2155 1057 2187 auf
1072 2159 1295 2196 proditionem.

1048 2249 1190 2279 11—153.
1216 2248 1350 2286 iwvc'dos,
1377 2257 1402 2278 s.
1429 2248 1483 2286 22,
1511 2248 1564 2286 26,
1591 2248 1675 2279 5.—

999 2295 1075 2325 cz'vis
1100 2294 1188 2334 Noa,
1213 2293 1279 2333 vgl.
1309 2302 1334 2323 e.
1361 2294 1391 2332 7,
1423 2294 1457 2324 7:

992 2349 1111 2378 pamm.
1144 2356 1189 2359 —
1224 2341 1339 2369 multos
1372 2348 1402 2368 n.
1436 2339 1604 2369 Romanos.
1630 2354 1674 2358 —

998 2385 1131 2424 referre,
1158 2383 1264 2414 dieses
1291 2384 1349 2414 hat
1365 2383 1465 2414 sehon
1486 2382 1599 2414 friiher
1615 2381 1674 2413 be-

999 2438 1137 2470 gounen,
1164 2429 1268 2460 daher
1293 2435 1368 2460 esset
1387 2445 1430 2450 —-
1454 2430 1590 2465 adisset;
1615 2427 1674 2458 da-

999 2484 1103 2515 gegen
1136 2478 1220 2505 setzt
1250 2473 1293 2504 im
1318 2473 1409 2513 Folg.
1444 2476 1486 2505 sit
1510 2484 1676 2512 oppressus

1001 2519 1032 2550 in
1059 2529 1104 2550 or.
1127 2523 1220 2551 recta
1245 2526 1288 2551 est
1314 2529 1385 2558 opp.
1413 2529 1554 2557 vorans,
1592 2528 1617 2549 s.
1647 2527 1675 2549 c.
1740 2551 1742 2554 ,

1001 2567 1061 2598 30,
1104 2567 1141 2604 4;
1181 2574 1240 2596 zur
1273 2564 1378 2595 Sache
1412 2563 1473 2595 Dio
1498 2565 1587 2595 Cass.
1614 2561 1676 2603 frg.
1734 2604 1738 2607 Ὗ

1002 2612 1054 2648 57,
1081 2609 1153 2642 331¹.
1183 2612 1234 2641 ille
1261 2612 1346 2640 statt
1371 2609 1428 2639 der
1449 2611 1479 2643 2.
1502 2608 1623 2640 Person
1640 2608 1673 2639 iu
1738 2611 1739 2614 ’

1484 2294 1560 2323 civis
1584 2293 1675 2323 Oam-
1731 2286 1757 2328 ‘i
