1763 2983
89 197 114 216 ι.
137 188 188 216 011.
222 186 283 213 306.
578 187 703 220 LIBER
728 188 787 221 ix.
834 187 926 221 CAP.
953 189 1006 220 43.
1416 186 1496 226 365

85 292 332 332 exercituise
353 292 399 330 ad
416 297 614 330 certamen
631 290 884 329 credidissent
900 302 1025 341 pares,
1048 289 1228 339 coniungi
1246 288 1379 340 utique
1396 287 1498 339 passi

86 350 184 388 duos
207 349 430 388 consulares
460 347 652 387 exercitus
682 346 777 385 nihil
798 347 1004 385 crederent
1025 358 1233 397 superesse
1255 345 1348 396 spei,
1379 345 1497 383 advev

83 406 254 445 nientem
276 404 521 456 inconposito
542 404 695 454 agmine
711 403 896 442 Marcium
914 403 1207 453 adgrediuntur.
1239 402 1380 453 raptim
1399 413 1495 440 con-

83 463 181 502 latae
202 462 374 501 sarcinae
395 461 436 499 in
457 461 644 507 medium,
668 465 718 506 et,
741 464 857 510 prout
877 464 1034 510 tempus
1052 459 1285 510 patiebatur,
1307 459 1497 497 instructa

83 519 195 558 acies.
226 519 372 557 clamor
387 517 558 569 primum
576 517 617 555 in
640 517 775 556 stativa
797 516 982 567 perlatus,
1005 516 1095 554 dein
1117 520 1348 566 conspectus
1365 514 1501 566 procul

82 575 206 627 pulvis
226 575 441 614 tumultum
463 575 563 625 apud
587 574 749 612 alterum
772 572 972 611 consulem
1003 572 1043 610 in
1072 572 1206 611 castris
1243 572 1350 615 fecit3
1388 571 1497 622 isque

84 632 286 671 confestim
309 644 414 670 arma
432 643 569 682 capere
586 630 699 670 iussis
717 630 938 680 raptimque
955 628 1102 667 eductis
1120 629 1158 667 in
1176 628 1297 667 aciem
1315 627 1502 667 militibus

83 694 345 727 transversam
366 688 538 726 hostium
561 687 683 727 aciem
705 692 820 737 atque
843 686 913 724 alio
944 684 1154 724 certamine
1183 690 1409 735 occupatam
1441 684 1503 722 in—

83 745 196 790 vadit,
227 744 429 784 clamitans
451 757 650 783 summum
674 743 859 794 flagitium
889 745 990 788 fore,
1024 742 1056 780 si
1086 743 1250 780 alterum
1284 741 1499 779 exercitum

82 802 290 853 utriusque
321 801 503 840 victoriae
535 806 744 851 conpotem
777 800 952 838 sinerent
983 799 1066 837 fieri
1097 810 1169 837 nec
1198 798 1243 836 ad
1267 810 1307 836 se
1329 797 1389 836 sui
1410 796 1501 834 belli

82 858 322 898 vindicarent
352 859 483 897 decus.
535 869 610 909 qua
637 858 827 908 impetum
857 856 1014 895 dederat
1034 855 1265 906 perrumpit,
1295 854 1498 905 aciemque

81 927 150 966 per
171 915 339 954 mediam
360 915 400 953 in
423 920 545 954 castra
569 914 743 953 hostium
767 913 890 952 tendit
910 917 947 952 et
971 925 1087 951 vacua
1105 911 1375 950 defensoribus
1399 911 1499 961 capit

82 976 197 1024 atque
219 971 402 1011 incendit.
435 983 532 1023 quae
554 970 623 1011 ubi
646 970 846 1021 flagrantia
867 969 1082 1009 Marcianus
1105 968 1215 1007 miles
1238 967 1441 1018 conspexit
1463 972 1500 1004 et

81 1029 215 1068 hostes
237 1041 456 1079 respexere,
479 1033 564 1067 tum
587 1028 733 1079 passim
755 1030 844 1078 fuga
866 1032 1003 1077 coepta
1025 1025 1262 1065 Samnitium
1292 1024 1398 1070 fieri,
1430 1024 1497 1061 sed

82 1085 211 1124 omnia
233 1085 383 1124 obtinet
405 1085 557 1131 caedes,
581 1097 654 1124 nec
674 1085 713 1123 in
731 1084 848 1123 ullam
871 1088 1021 1134 partem
1038 1088 1169 1122 tutum
1187 1081 1407 1133 perfugium
1430 1085 1499 1118 est.

81 1142 155 1181 iam
177 1142 337 1193 triginta
358 1141 514 1180 milibus
535 1142 711 1180 hostium
729 1140 850 1180 caesis
868 1140 1023 1190 signum
1041 1139 1213 1190 receptui
1230 1138 1410 1177 consules
1429 1137 1498 1175 de-

81 1199 230 1244 derant,
254 1198 564 1249 colligebantque
586 1199 626 1236 in
647 1210 771 1237 unum
796 1197 926 1248 copias
948 1196 987 1235 in
1007 1196 1131 1235 vicem
1154 1195 1257 1234 inter
1278 1207 1320 1233 se
1341 1198 1499 1244 gratan-

81 1260 153 1302 tes,
186 1268 275 1294 cum
295 1259 458 1307 repente
480 1255 581 1293 visae
604 1254 736 1305 procul
760 1255 934 1293 hostium
957 1265 1079 1292 novae
1111 1253 1307 1297 cohortes,
1340 1263 1438 1302 quae
1461 1250 1501 1288 in

81 1313 399 1363 supplementum
416 1311 581 1362 scriptae
599 1312 766 1356 fuerant,
789 1311 1034 1361 integravere
1052 1310 1221 1349 caedem.
1255 1308 1295 1346 in
1314 1320 1409 1358 quas
1427 1319 1500 1345 nec

80 1368 191 1407 iussu
213 1369 418 1407 consulum
441 1380 513 1407 nec
534 1368 644 1419 signo
667 1372 823 1418 accepto
843 1367 1008 1405 victores
1026 1367 1185 1410 vadunt,
1203 1365 1303 1403 malo
1321 1363 1500 1403 tirocinio

80 1424 322 1464 inbuendum
346 1424 562 1463 Samnitem
585 1424 838 1463 clamitantes.
872 1423 1074 1474 indulgent
1096 1422 1277 1461 consules
1301 1421 1499 1471 legionum

78 1481 219 1528 ardori,
252 1486 294 1520 ut
315 1481 383 1533 qui
405 1481 527 1532 probe
549 1481 694 1520 scirent
715 1492 862 1520 novum
884 1480 1051 1519 militem
1072 1479 1247 1518 hostium
1279 1478 1384 1517 inter
1408 1490 1499 1528 per-

79 1538 205 1577 culsos
225 1538 315 1588 fuga
338 1543 538 1577 veteranos
559 1550 609 1577 ne
629 1538 860 1589 temptando
883 1537 1040 1589 quidem
1063 1536 1155 1575 satis
1179 1534 1381 1574 certamini
1403 1534 1501 1573 sore.

80 1641 132 1674 sie
154 1653 185 1673 u.
204 1652 230 1673 s.
249 1651 290 1673 w.
319 1659 358 1663 —
382 1640 603 1673 credidissent
620 1661 661 1664 —
680 1652 751 1673 cre-

80 1687 205 1727 darent,
224 1697 250 1718 s.
270 1684 373 1729 praef.
392 1687 423 1726 7,
441 1686 515 1718 sind
534 1687 751 1730 asyndetisch

82 1731 500 1771 nebeneinandergestesst,
531 1742 557 1763 s.
590 1733 620 1771 7,
651 1732 681 1772 2,
710 1733 749 1772 93

81 1779 241 1819 coniungi
265 1779 341 1818 utiq.
368 1776 413 1808 ist
436 1776 572 1809 starker
597 1789 637 1808 zu
655 1778 770 1809 beto--

82 1833 154 1855 nen.
186 1841 229 1845 ——
268 1822 432 1862 conlatae,
467 1823 515 1854 sie
547 1822 661 1854 bildeu
695 1823 748 1854 ein

82 1867 211 1910 Quarre
229 1878 282 1899 um
300 1868 484 1900 dieselben.
512 1887 554 1891 -—
578 1870 702 1900 stativa
720 1879 750 1900 n.

87 1913 241 1954 Come-lii,
259 1924 329 1945 was
339 1918 412 1945 erst
422 1913 464 1945 im
475 1914 619 1945 zweiten
632 1913 750 1946 Gliede

82 1959 280 1999 angedeutet
309 1959 366 1995 ist,
395 1969 447 1990 wo
475 1961 509 1990 z'n
537 1961 661 1990 castris
688 1959 750 1991 den

81 2004 209 2045 Begriff
221 2014 286 2035 von
304 2005 428 2036 stativa
443 2005 655 2044 wiederholt,
673 2004 752 2036 weil

82 2050 165 2081 auch
182 2049 333 2081 bemerkt
349 2051 483 2081 werden
498 2050 610 2088 sollte,
630 2060 700 2081 was
718 2050 752 2081 in

82 2094 272 2127 demselben
287 2095 440 2136 geschah,
459 2090 617 2128 wiihrend
630 2097 665 2127 in
677 2098 751 2127 slat.

83 2151 144 2171 nur
161 2140 212 2172 die
230 2139 398 2181 Richtung
415 2141 560 2182 angiebt.
580 2160 622 2163 —
640 2143 753 2173 trans-

82 2195 177 2225 vers.y
198 2197 225 2217 c.
245 2187 298 2224 40,
320 2187 371 2219 12.
412 2185 504 2218 Doch
529 2187 575 2218 ist
593 2187 652 2218 der
668 2186 752 2218 Her-

83 2241 168 2272 gang
185 2231 276 2262 nicht
289 2231 375 2270 klar,
394 2231 434 2263 da
448 2232 506 2264 das
520 2231 630 2273 Lager
642 2232 753 2264 hinter

82 2277 142 2308 ‹ler
159 2276 412 2309 Schlachtreihe
437 2277 496 2308 der
512 2276 683 2309 Samniten
707 2277 754 2308 ist

84 2323 299 2363 (respexere),
326 2321 391 2353 und
416 2322 475 2354 das
497 2321 753 2354 Durchbrechen

84 2367 142 2399 der
150 2366 268 2399 Linien
286 2366 318 2409 (ξ
330 2368 385 2399 15:
400 2370 507 2399 aciem
522 2378 580 2410 per
592 2368 751 2406 mediam)

83 2412 144 2444 den
168 2411 270 2443 Feind
296 2413 389 2444 mehr
411 2413 600 2445 verwirren
626 2418 753 2445 musste

84 2457 132 2489 als
150 2458 209 2489 der
226 2457 414 2490 Riickblick
431 2458 490 2490 auf
504 2459 562 2490 das
580 2458 700 2499 Lager.
712 2476 755 2480 —

83 2505 147 2543 sui,
164 2503 224 2534 der
241 2503 340 2535 ihnen
362 2504 603 2544 angewieseue‚
629 2505 697 2546 vgl.
727 2515 755 2535 c.

86 2547 140 2589 42,
162 2550 195 2581 1:
221 2547 350 2580 alienae
367 2551 476 2581 sortis.
500 2567 543 2572 ·-—
567 2560 602 2581 se
619 2551 677 2582 sui
691 2549 756 2581 wie

85 2591 187 2639 0726,
209 2593 264 2626 19:
282 2596 401 2626 vostra
418 2605 478 2626 nos
496 2605 525 2626 u.
546 2594 577 2626 ii.

878 1640 1019 1673 15—19.
1061 1650 1135 1681 qua,
1166 1639 1235 1680 vgl.
1264 1640 1294 1679 4,
1319 1638 1373 1679 39,
1399 1638 1429 1669 2.
1457 1656 1501 1661 ——

826 1688 933 1718 aciem
949 1696 980 1728 p.
998 1685 1153 1725 mediam,
1179 1685 1247 1725 vgl.
1266 1696 1294 1716 c.
1313 1685 1367 1724 37,
1391 1684 1439 1716 11.
1459 1701 1501 1705 -—

827 1731 1108 1773 colligebantque,
1150 1731 1200 1762 sie
1244 1740 1359 1762 waren
1398 1729 1500 1760 schou

828 1778 930 1808 daran
949 1776 1021 1808 sich
1050 1787 1115 1808 von
1140 1776 1403 1807 verschiedenen
1429 1774 1500 1805 Sei-

827 1827 883 1855 ten
913 1822 1277 1859 zusammenzuziehen,
1307 1819 1410 1860 nicht,
1436 1819 1500 1851 wie

828 1879 901 1900 inan
920 1872 1087 1900 erwarten
1105 1867 1219 1906 sollte,
1244 1867 1299 1898 die
1318 1865 1443 1897 Feinde
1460 1876 1500 1896 zu

828 1911 1013 1954 verfolgen.
1043 1931 1086 1935 -—
1109 1915 1298 1954 gratantes,
1325 1912 1355 1951 7,
1376 1910 1427 1952 13,
1449 1911 1499 1942 10.

829 1960 921 1990 -1‘71
946 1960 1058 1998 vicem,
1087 1957 1333 1997 abwechselnd,
1359 1955 1501 1997 steigert

828 2004 889 2036 mit
901 2006 985 2036 iuter
993 2015 1027 2035 se
1042 2004 1236 2035 verbunden
1252 2004 1313 2035 den
1323 2001 1500 2034 Ausdruck

828 2049 882 2081 fiir
899 2050 958 2081 das
984 2049 1159 2091 reciproke
1180 2048 1414 2081 Verhiiltniss:
1444 2047 1500 2078 ab-

828 2095 1020 2127 wechselnd
1035 2099 1133 2126 untcr
1147 2095 1317 2133 einander,
1335 2093 1400 2125 und
1415 2093 1498 2124 wird

828 2141 913 2172 dann
938 2140 993 2172 fiir
1011 2142 1099 2172 inter
1115 2152 1150 2172 se
1172 2140 1280 2172 selbst
1304 2139 1499 2180 gebraucht,

827 2196 852 2217 s.
880 2186 967 2218 Plin.
999 2186 1049 2223 17,
1068 2186 1122 2226 24,
1141 2186 1220 2227 239,
1246 2186 1313 2227 vgl.
1338 2184 1375 2216 L.
1394 2183 1426 2223 8,
1445 2184 1498 2222 24,

828 2232 863 2262 7:
892 2234 1009 2263 mutuo
1031 2233 1119 2263 inter
1141 2242 1184 2263 se.
1215 2249 1259 2254 —
1288 2232 1321 2262 in
1339 2228 1498 2273 supplem.

825 2287 882 2317 sc„
908 2287 934 2308 s.
953 2276 1047 2308 Nieb.
1069 2277 1099 2317 3,
1118 2277 1193 2308 300.
1211 2294 1254 2299 —
1271 2287 1331 2308 nec
1347 2277 1442 2307 iussu
1460 2286 1498 2313 c,

826 2334 854 2354 c.
873 2322 927 2363 41,
950 2323 998 2353 17.
1018 2340 1060 2344 —
1078 2322 1165 2353 malo
1183 2324 1239 2353 tlr.
1261 2323 1338 2361 inb„
1355 2321 1433 2352 weil
1447 2320 1498 2351 sie

828 2367 909 2399 eben
935 2367 1146 2408 ausgehoben
1171 2368 1258 2399 sind:
1289 2377 1361 2398 man
1387 2366 1497 2396 miisse

829 2413 878 2444 sie
897 2413 1085 2444 schlimmes
1103 2412 1269 2453 Lehrgeld
1294 2412 1412 2443 zahlen
1431 2411 1499 2442 las-

829 2469 898 2490 sen.
917 2476 960 2481 —
985 2460 1075 2490 inter
1091 2477 1134 2481 —
1153 2461 1306 2496 veteram,
1333 2457 1386 2488 die
1414 2456 1499 2494 also,

828 2503 893 2536 wie
911 2504 994 2535 auch
1008 2502 1029 2545 ξ
1041 2504 1097 2535 20:
1116 2507 1239 2536 veteres
1252 2502 1355 2543 zeigt,
1372 2512 1413 2533 au
1427 2501 1498 2532 dem

830 2546 968 2591 Rampfe
997 2549 1124 2580 wieder
1153 2547 1251 2580 Theil
1282 2547 1430 2579 nehmen.
1456 2563 1498 2568 —

1530 404 1568 436 12

1530 574 1568 605 13

1531 742 1569 774 14

1528 856 1565 886 15

1534 969 1570 999 10·

1532 1136 1569 1168 17

1532 1310 1571 1341 13

1534 1422 1571 1453 19
