1763 2983
271 179 348 218 144

736 178 860 212 LIBER
886 177 954 211 Vll.
999 177 1090 211 CAP.
1117 177 1170 211 26.

1439 186 1462 204 a.
1483 186 1510 204 u.
1530 177 1680 206 405—408.

267 280 498 331 interposito
521 281 684 319 deorum
708 281 874 319 factum:
898 293 1068 332 namque
1085 280 1310 320 conserenti
1328 279 1405 319 iam
1422 290 1582 318 manum
1600 279 1679 318 Ro·

219 342 239 373 4
271 349 385 375 mano
409 349 548 376 corvus
570 343 733 388 repente
754 337 794 375 in
817 338 922 388 galea
944 337 1133 382 consedit,
1157 337 1197 375 in
1215 338 1369 375 hostem
1386 348 1534 375 versus.
1575 336 1682 387 quod

267 394 392 445 primo
411 400 453 432 ut
476 394 682 444 augurium
708 395 811 433 caelo
838 395 1003 433 missum
1021 396 1143 434 laetus
1162 394 1309 444 accepit
1326 393 1524 439 tribunus,
1547 404 1682 444 preca-

265 458 327 489 tus
351 451 509 489 deinde:
534 451 564 489 si
588 451 716 497 divus,
747 451 779 490 si
800 452 883 490 diva
913 457 1017 491 esset
1046 451 1112 501 qui
1141 450 1214 489 sihi
1244 454 1470 502 praepetem
1497 449 1681 495 misisset,

221 514 239 543 5
270 508 404 545 volens
428 508 622 559 propitius
644 509 809 547 adesset.
843 509 948 547 dictu
971 506 1167 546 mirabile!
1199 507 1328 546 tenuit
1349 518 1431 545 non
1453 507 1580 546 solum
1602 506 1680 545 ales

271 570 420 615 captam
445 565 569 603 semel
585 565 732 611 sedem,
762 566 829 604 sed
850 565 1203 617 quotienscumque
1222 569 1420 603 certamen
1442 563 1586 602 initum
1609 568 1681 609 est,

269 621 396 659 levans
415 634 456 659 se
474 622 542 661 alis
566 635 609 661 os
631 623 843 674 oculosque
865 622 988 661 hostis
1013 627 1142 662 rostro
1162 626 1199 659 et
1219 621 1414 672 unguibus
1431 620 1587 672 adpetit,
1611 620 1684 659 do-

269 679 342 716 n‘ec
362 679 545 718 territum
567 679 733 730 prodigii
756 680 841 718 talis
865 679 947 717 visu
970 678 1169 729 oculisque
1192 678 1309 717 simul
1328 691 1372 717 ac
1395 682 1527 717 mente
1548 676 1684 715 turba-

268 741 353 774 tum
376 735 546 775 Valerius
578 736 796 774 obtruncat.
848 748 986 774 corvus
1017 748 1063 773 ex
1091 741 1304 786 conspectu
1332 736 1455 774 elatus
1489 734 1682 773 orientem

220 797 240 829 6
271 792 381 844 petit.
412 793 600 832 hactenus
618 793 772 844 quietae
793 793 992 843 utrimque
1014 792 1206 831 stationes
1218 791 1348 838 fuere,
1364 796 1571 844 postquam
1591 803 1685 842 spo-

265 850 357 889 liare
380 862 523 901 corpus
553 851 654 889 caesi
682 850 808 889 hostis
837 849 1021 888 tribunus
1052 849 1198 901 coepit,
1228 861 1300 888 nec
1322 848 1417 888 Galli
1447 862 1487 888 se
1517 848 1683 887 statione

267 913 502 953 tenuerunt,
527 913 565 946 et
586 907 856 946 Romanorum
889 919 1028 946 cursus
1051 907 1098 945 ad
1119 906 1307 946 victorem
1331 906 1446 945 etiam
1471 905 1577 944 ocior
1597 905 1681 943 fuit.

269 966 319 1003 ibi
341 965 439 1004 cirea
469 965 628 1003 iacentis
658 965 751 1003 Galli
781 977 922 1015 corpus
952 970 1148 1003 contracto
1177 963 1390 1003 certamine
1420 974 1546 1014 pugna
1574 967 1685 1001 atrox

223 1025 240 1056 7
272 1023 500 1061 concitatur.
533 1022 608 1061 iam
627 1034 706 1060 non
730 1021 938 1072 manipulis
961 1022 1227 1072 proximarum
1245 1021 1458 1060 stationum
1481 1020 1549 1059 sed
1566 1019 1686 1069 legio—

270 1080 384 1118 nibus
406 1080 606 1130 utrimque
631 1079 761 1118 effusis
783 1091 845 1117 res
868 1078 1026 1129 geritur.
1069 1078 1252 1118 Camillus
1275 1078 1418 1117 laetum
1441 1076 1604 1115 militem
1627 1075 1688 1114 vi-

270 1137 388 1175 ctoria
412 1137 577 1181 tribuni,
608 1137 749 1175 laetum
782 1141 860 1174 tam
893 1135 1165 1186 praesentibus
1194 1148 1238 1174 ac
1266 1134 1448 1174 secundis
1477 1133 1548 1172 diis
1569 1133 1624 1171 ire
1646 1133 1686 1171 in

271 1193 465 1244 proelium
490 1192 615 1239 iubet,
648 1198 932 1244 ostentansque
955 1192 1149 1244 insignem
1173 1192 1306 1243 spoliis
1329 1191 1534 1230 tribunum
1557 1190 1688 1237 „hunc

272 1250 436 1299 imitare,
461 1250 600 1288 miles“
622 1250 768 1295 aiebat,
801 1255 866 1296 „et
895 1250 995 1288 circa
1025 1249 1218 1288 iacentem
1242 1250 1382 1288 ducem
1405 1253 1537 1287 sterne
1559 1247 1688 1286 Gallo-

222 1316 240 1343 s
270 1311 589 1346 1*111neate1·vas.“
620 1307 671 1345 dii
688 1307 948 1358 hominesque
966 1306 1017 1344 illi
1035 1306 1196 1345 adfuere
1214 1319 1381 1357 pugnae,
1399 1305 1689 1356 depugnatum-

272 1377 348 1415 que
372 1364 673 1415 haudquaquam
694 1363 909 1402 certamine
928 1362 1109 1414 amhiguo
1128 1376 1217 1402 cum
1237 1362 1353 1402 Gallis
1372 1367 1449 1401 est:
1472 1361 1569 1400 adeo
1588 1361 1689 1399 duo-

271 1433 356 1459 rum
382 1421 549 1459 militum
573 1426 771 1467 eventum,
795 1420 898 1459 inter
920 1432 1019 1471 quos
1040 1425 1258 1471 pugnatum
1282 1424 1375 1465 erat,
1397 1424 1563 1468 utraque
1586 1417 1688 1456 acies

222 1483 241 1512 ὲ)
273 1478 413 1516 animis
436 1483 698 1528 praeceperat.
731 1477 836 1515 inter
857 1477 1016 1528 primos,
1041 1489 1210 1528 quorum
1233 1488 1448 1515 concursus
1469 1474 1563 1514 alios
1586 1473 1690 1512 exci-

270 1540 395 1580 verat,
420 1540 528 1573 atrox
549 1534 740 1585 proelium
764 1534 858 1581 fuit3
888 1534 957 1573 alia
979 1533 1207 1581 multitudo,
1229 1533 1460 1585 priusquam
1482 1531 1528 1571 ad
1552 1531 1687 1570 conie-
1740 1552 1744 1553 ν

277 1597 382 1630 etum
405 1592 471 1630 teli
492 1591 654 1638 veniret,
679 1597 786 1642 terga
808 1591 935 1629 vertit.
982 1591 1108 1642 primo
1130 1603 1201 1642 per
1221 1591 1378 1630 Volscos
1399 1590 1690 1639 Falernumque

270 1698 461 1728 conserenti
476 1697 542 1727 tam
568 1706 705 1727 manum
724 1706 754 1726 u.
772 1696 952 1727 obtruncat

278 1743 359 1773 iiber
377 1742 439 1773 den
459 1742 709 1774 menschlichen
730 1739 853 1783 Hampf
866 1751 951 1782 weg,

279 1787 366 1819 Gell.
386 1788 409 1818 l.
430 1788 472 1818 l.:
492 1789 524 1819 et
543 1787 811 1829 eongredz'untm·
828 1789 860 1818 et
876 1797 951 1818 eon-

272 1835 399 1864 sistunt
415 1835 447 1863 et
461 1834 720 1864 conserebantur
734 1835 799 1864 iam
816 1843 948 1864 manus.

276 1878 385 1910 Ueber
403 1878 454 1909 die
473 1877 730 1919 wortstellung
756 1880 889 1919 insigne
907 1897 950 1900 ή-

266 1924 408 1965 ,Ϊαοίιηη
425 1934 450 1954 S.
471 1924 523 1963 28,
542 1924 596 1963 25,
620 1924 677 1962 11ς
697 1926 751 1959 30,
767 1924 820 1964 26,
841 1925 876 1963 53
896 1924 950 1961 42,

274 1970 306 2006 (Γ),
327 1970 344 1999 2
364 1980 395 2000 u.
415 1979 444 2000 a.
471 1988 514 1991 --
544 1971 693 2006 numine,
723 1968 830 2001 Gell.:
857 1972 952 2011 atque

275 2015 320 2046 ibi
339 2016 385 2046 ris
403 2015 566 2055 quaedam
586 2013 699 2046 divina
715 2016 797 2056 fuit.

319 2060 419 2091 4-6.
460 2060 559 2101 quod,
597 2060 689 2091 diese
718 2059 951 2100 Erscheinung

277 2106 472 2147 uberhaupt,
501 2105 682 2137 besonders
706 2104 737 2135 in
763 2105 871 2144 Bezug
895 2103 954 2136 auf

277 2151 330 2183 die
350 2151 476 2183 letzten
495 2150 541 2182 W
545 2161 561 2182 o
570 2154 638 2182 rte:
662 2152 694 2181 in
721 2151 804 2181 host.
823 2160 949 2182 versus.

274 2215 316 2219 —
341 2197 373 2227 ,ςῖ
395 2195 491 2227 clivus
515 2201 589 2235 etc.,
622 2206 680 2227 aus
705 2195 831 2227 Fureht
859 2195 949 2227 nicht

278 2242 332 2273 die
351 2242 464 2273 rechte
484 2239 639 2273 Gottheit
658 2240 949 2281 anzu1·ufen,wird

276 2287 334 2318 der
352 2286 531 2318 Ausdruck
559 2286 772 2317 unbestunmt
790 2286 955 2326 gehalten,

279 2343 305 2363 s.
334 2334 365 2371 (5,
398 2331 447 2371 16,
466 2333 502 2372 23
527 2332 581 2370 29,
601 2332 654 2370 27,
682 2333 717 2370 13
742 2330 838 2362 Nieb.
858 2330 895 2362 R.
917 2330 954 2363 G.

282 2378 313 2416 3,
333 2377 394 2415 92;
424 2376 529 2418 Marq.
550 2378 580 2413 4,
609 2375 661 2407 36.
685 2394 727 2399 —
747 2379 955 2419 praepetem,

278 2421 366 2454 Gell.
387 2423 417 2461 7,
436 2422 466 2461 6,
488 2423 521 2453 3:
545 2424 724 2464 praepetes·
740 2432 818 2452 aves
836 2422 877 2452 al)
894 2432 954 2453 au-

281 2468 428 2509 guribus
452 2467 676 2510 appellantur,
705 2477 788 2508 quae
811 2469 871 2497 aut
898 2477 955 2509 op-

280 2516 421 2555 portune
444 2512 652 2555 praevolant,
677 2515 735 2543 aut
752 2511 890 2543 idoneas
907 2523 956 2543 se-

282 2557 340 2589 des
358 2560 505 2601 captant.
534 2576 578 2581 —
603 2557 692 2589 dz'ctu
709 2567 766 2596 m„
787 2558 818 2597 9,
834 2557 888 2596 41,
912 2558 960 2589 18.

281 2603 416 2646 adpetit,
442 2602 553 2644 Quint.
582 2602 613 2643 2,
632 2603 665 2642 4,
690 2601 746 2634 18:
774 2612 811 2634 os
828 2601 954 2634 oculos-

1024 1706 1085 1737 que
1113 1713 1156 1717 —
1185 1695 1400 1734 everberaret,
1425 1692 1494 1734 vgl.
1518 1691 1555 1723 L.
1580 1694 1611 1730 6,
1639 1690 1691 1731 17,

1025 1741 1054 1772 8.
1072 1758 1116 1763 —
1133 1741 1304 1779 orientem,
1336 1741 1363 1779 1,
1385 1739 1435 1777 18,
1457 1738 1487 1770 Τ.
1514 1756 1556 1760 -
1581 1738 1692 1769 hacte-

1025 1796 1089 1817 nus
1113 1785 1157 1817 ist
1187 1786 1279 1817 nicht
1307 1784 1437 1817 einfach
1459 1783 1519 1815 der
1544 1782 1691 1815 Zeitmo-

1023 1836 1123 1871 ment,
1141 1831 1191 1863 bis
1208 1842 1249 1862 zu
1263 1831 1335 1863 dem
1349 1836 1454 1863 etwas
1468 1830 1598 1868 dauert,
1615 1838 1692 1859 son-

1024 1877 1104 1908 dern
1131 1877 1282 1917 zugleich
1305 1876 1359 1908 die
1377 1876 1578 1915 Andeutung
1600 1872 1693 1906 einer

1024 1932 1127 1954 neuen
1146 1921 1247 1954 Reihe
1265 1932 1331 1954 von
1350 1921 1634 1961 Erscheinungen.
1649 1937 1690 1941 —

1022 1978 1112 1999 man.
1127 1978 1161 2010 p.
1181 1970 1235 2008 st„
1255 1978 1280 1998 S.
1301 1967 1333 2007 3,
1351 1969 1382 2007 5,
1399 1968 1430 2006 4,
1455 1966 1520 2007 vgl.
1542 1976 1570 1997 c.
1590 1965 1642 2003 24,
1661 1964 1691 1995 7.

1023 2032 1067 2036 —
1087 2013 1305 2055 praesentia,
1331 2012 1382 2043 die
1410 2011 1613 2052 Gegenwart
1636 2008 1696 2041 der

1025 2058 1147 2091 Gtitter
1188 2058 1251 2089 und
1293 2057 1395 2090 damit
1436 2056 1591 2098 zugleich
1624 2054 1696 2087 ihre

1024 2103 1239 2136 Theilnahme
1263 2103 1328 2134 und
1345 2101 1614 2140 Wirksamkeit3
1643 2101 1694 2140 10,

1022 2149 1076 2189 40,
1099 2149 1154 2187 14;
1173 2149 1228 2190 29,
1250 2149 1300 2188 18,
1320 2148 1526 2187 7.——aiebat‚
1550 2149 1577 2186 1,
1594 2146 1647 2186 24,
1662 2147 1693 2178 4.

1069 2194 1168 2226 8-9.
1207 2193 1302 2233 adeo,
1327 2193 1509 2235 gleichsam
1534 2192 1587 2224 ein
1606 2190 1695 2223 Aus-

1029 2238 1093 2280 ruf,
1108 2240 1167 2271 der
1180 2239 1232 2271 die
1241 2239 1462 2279 Schilderung
1476 2237 1697 2277 unterbricht,

1030 2286 1071 2317 da
1089 2287 1176 2316 inter
1193 2286 1321 2327 primos
1334 2283 1396 2316 et'c.
1413 2284 1486 2316 eine
1503 2283 1643 2315 weitere
1657 2292 1698 2313 zu

1028 2330 1048 2372 ξ
1068 2330 1085 2360 7
1106 2330 1197 2362 nicht
1213 2340 1297 2370 ganz
1315 2330 1489 2373 passende,
1505 2327 1697 2360 Entwicke-

1029 2376 1109 2417 lung
1126 2386 1191 2407 von
1214 2375 1471 2417 haudquaquam
1498 2379 1561 2406 etc.
1580 2373 1634 2405 ist.
1653 2390 1696 2395 -

1025 2431 1195 2465 praecep„
1229 2420 1312 2452 kurz
1345 2424 1443 2452 statt:
1478 2419 1697 2462 praeceperat

1030 2477 1105 2498 eum
1119 2476 1256 2509 pugnae
1271 2467 1449 2497 universae
1463 2467 1624 2504 eventum,
1642 2464 1700 2504 qui

1028 2511 1170 2544 duorum
1186 2511 1333 2543 militum
1350 2511 1480 2552 fuerat,
1506 2509 1574 2550 vgl.
1592 2509 1625 2548 4,
1642 2508 1695 2547 27,

1030 2559 1065 2597 ὃς
1086 2559 1116 2597 5,
1137 2557 1190 2596 27,
1210 2556 1268 2588 10:
1286 2557 1427 2587 emitum.
1450 2573 1491 2578 —
1517 2553 1597 2591 alta,
1618 2553 1646 2593 1,
1665 2554 1697 2593 7,

1029 2602 1060 2641 3,
1078 2602 1197 2634 anders
1215 2600 1308 2634 alios.
1323 2618 1365 2624 ——
1385 2599 1451 2641 teli,
1469 2599 1534 2632 wie
1552 2597 1611 2639 oft,
1628 2598 1697 2630 col-
