1763 2983
64 218 89 237 ι.
105 209 157 236 ch.
177 210 237 236 305.
254 210 314 238 301.

572 209 697 242 LIBER
714 209 772 243 ix.
810 210 903 243 CAP.
929 213 983 245 45.
1398 212 1479 253 369

64 312 111 351 ab
133 302 386 358 Samnitibus,
418 311 593 350 Herculis
625 324 810 363 magnum
844 313 1095 354 simulacrum
1125 315 1164 354 in
1187 315 1373 366 Capitolio
1402 328 1474 366 po-

63 369 182 408 situm
207 368 525 419 dedicatumque.

175 425 216 463 P.
257 424 428 476 Sulpicio
467 424 695 463 Saverrione
734 424 775 462 P.
809 424 1042 476 Sempronio
1084 427 1215 479 Sopho
1253 427 1479 467 consulibus
1497 434 1550 473 45

64 481 276 527 Samnites,
309 494 379 520 seu
400 481 517 519 finem
539 493 609 520 seu
629 480 855 519 dilationem
877 481 967 521 belli
990 490 1234 534 quaerentes,
1264 484 1408 536 legatos
1431 485 1478 523 de

63 550 155 589 pace
178 538 340 576 Romam
370 538 524 576 misere.
578 536 719 588 quibus
749 537 976 589 suppliciter
1005 541 1209 590 agentibus
1240 553 1477 593 responsum

62 599 134 641 est,
166 593 240 633 nisi
262 606 375 645 saepe
396 593 541 633 bellum
564 599 745 645 parantes
775 606 907 645 pacem
937 595 1127 646 petissent
1149 597 1358 644 Sanmites,
1390 610 1478 637 ora-
1508 610 1527 640 2

61 652 169 690 tione
190 650 293 690 ultro
316 651 412 689 citro
433 650 562 689 habita
584 651 630 689 de
651 663 745 701 pace
766 651 926 702 transigi
948 653 1144 702 potuisse:
1177 665 1292 700 nunc,
1326 655 1481 705 quando

62 707 176 746 verba
199 719 293 746 vana
315 707 362 746 ad
383 708 421 746 id
443 707 618 746 locorum
641 707 801 753 fuerint,
824 707 942 747 rebus
963 710 1148 748 standum
1166 723 1264 748 esse.
1306 710 1344 748 P.
1364 711 1479 749 Sem·
1509 723 1527 755 3

60 764 243 816 pronium
267 764 468 803 consulem
493 776 581 803 cum
606 764 775 803 exercitu
797 764 904 803 brevi
926 765 965 803 in
990 766 1147 805 Samnio
1171 769 1274 813 sore3
1305 779 1409 813 eum,
1432 768 1478 806 ad

60 821 203 860 bellum
226 833 411 873 pacemne
432 821 618 860 inclinent
638 821 769 866 animi,
792 821 869 860 falli
891 834 971 861 non
988 836 1124 874 posse,
1148 828 1333 875 conperta
1350 824 1479 862 omnia

61 878 214 917 senatui
245 878 479 926 relatui-uim
511 878 763 917 decedentem
787 891 833 917 ex
856 878 1016 918 Samnio
1040 881 1241 919 consulem
1273 881 1388 931 legati
1416 893 1478 919 se-

61 940 288 987 querentur.
329 948 375 974 eo
397 947 499 973 anno
521 947 610 974 cum
633 940 810 986 pacatum
834 935 1037 975 Samnium
1068 938 1259 977 exercitus
1283 937 1479 976 Romanus
1509 943 1529 973 4

60 991 228 1044 benigne
247 991 421 1043 praebito
440 997 660 1031 commeatu
676 998 931 1043 peragrasset,
949 993 1086 1033 foedus
1104 994 1306 1046 antiquum
1327 994 1482 1032 Samni—

61 1048 165 1091 tibus
186 1048 395 1088 redditum.

170 1105 224 1144 Ad
248 1106 405 1157 Aequos
428 1104 529 1152 inde,
553 1110 702 1143 veteres
723 1105 869 1152 hostes,
900 1111 1074 1146 ceterum
1097 1119 1166 1158 per
1187 1107 1333 1147 multos
1354 1118 1478 1146 annos

60 1162 132 1202 sub
155 1162 285 1213 specie
307 1162 448 1201 infidae
470 1161 574 1212 pacis
596 1161 763 1213 quietos,
786 1174 895 1201 versa
912 1175 1019 1202 arma
1036 1164 1224 1210 Romana,
1247 1165 1351 1216 quod
1369 1163 1480 1202 inco-

60 1219 155 1258 lumi
177 1218 343 1257 Hernico
365 1218 525 1257 nomine
547 1218 836 1257 missitaverant
868 1219 983 1258 simul
1014 1233 1103 1259 cum
1135 1220 1195 1259 his
1218 1220 1384 1260 Samniti
1412 1233 1482 1260 au-

61 1275 160 1323 xilia,
193 1282 230 1313 et
252 1281 338 1327 post
359 1274 547 1313 Hernicos
569 1274 749 1314 subactos
771 1275 951 1314 universa
978 1289 1099 1328 prope
1127 1289 1220 1328 gens
1251 1277 1334 1317 sine
1363 1277 1480 1317 dissi-

61 1333 272 1371 mulatione
294 1332 445 1370 consilii
467 1331 609 1383 publici
631 1332 678 1370 ad
699 1331 831 1370 hostes
853 1332 1084 1380 desciverat3
1115 1339 1150 1372 et
1172 1340 1379 1386 postquam
1403 1334 1479 1373 icto

60 1389 206 1428 Romae
229 1401 317 1428 cum
341 1388 582 1428 Samnitibus
603 1388 761 1427 foedere
784 1388 932 1428 fetiales
954 1396 1141 1430 venerant
1171 1403 1234 1430 res
1256 1391 1479 1443 repetitum,

60 1445 355 1497 temptationem
378 1444 534 1485 aiebant
556 1457 657 1492 esse,
691 1450 733 1484 ut
755 1450 906 1484 terrore
928 1446 1084 1487 incusso
1106 1447 1197 1487 belli
1219 1448 1417 1488 Romanos
1439 1461 1480 1487 se

58 1592 123 1618 von
141 1585 236 1625 Sora,
253 1584 442 1626 gleichfalls
462 1595 512 1617 am
536 1585 647 1624 Liris3
671 1585 730 1617 Ce-

59 1633 176 1664 sennia
192 1631 238 1663 ist
255 1630 345 1663 nicht
359 1641 387 1662 w
391 1630 478 1663 citer
496 1630 653 1670 bekannt,
677 1629 731 1662 bei

59 1677 153 1709 Diod.
179 1678 360 1722 Σερειιιίι.
392 1678 598 1720 ——recepta‚
624 1687 649 1708 3.
678 1676 732 1715 23,

63 1723 113 1763 11,
139 1723 169 1754 7.
200 1741 242 1744 —
274 1721 435 1761 Hereulzs,
466 1722 520 1753 die
551 1721 733 1753 Vernulas-

61 1778 144 1809 sung
161 1768 216 1808 lag
230 1766 321 1798 viell.
339 1766 371 1798 in
386 1767 445 1799 der
463 1777 491 1798 c.
508 1766 549 1798 29
566 1766 734 1798 berichte

59 1818 115 1846 ten
143 1812 348 1853 Vcrletzung
380 1813 436 1843 des
468 1810 608 1850 Gottes3
640 1817 734 1843 sonst

60 1858 194 1891 werden
214 1858 286 1889 dem
311 1856 473 1890 Hercules
499 1869 563 1890 von
590 1857 733 1898 siegrei-

61 1905 141 1936 chen
160 1903 304 1936 Feldhei
307 1913 344 1934 ru
362 1903 473 1935 Bildei·
498 1903 686 1944 gewidmet,
707 1913 733 1934 s.

61 1945 634 1992 zu10,46‚14;Pre11e1·Myth
655 1948 730 1980 654.

61 1995 83 2028 f.
117 2013 159 2017 —
187 2003 263 2036 mag
265 2004 301 2025 η.
343 1995 432 2033 sim,
461 1995 512 2026 ein
549 1994 734 2026 colossales

61 2039 247 2072 Stindbild.
259 2050 341 2070 ——m
360 2039 473 2094 Capz‘t„
482 2039 648 2077 Beckeri,
657 2040 734 2071 403

108 2081 175 2118 45.
217 2085 312 2116 1-4,
346 2083 512 2125 suver-mo,
543 2085 595 2117 ein
624 2064 733 2116 iuna-

64 2142 112 2164 ine
130 2131 189 2162 dei·
205 2129 385 2172 Sulpicier‚
411 2130 471 2162 der
484 2131 555 2163 sich
574 2140 636 2162 nur
651 2130 734 2161 noch

63 2175 184 2209 einmal
208 2176 319 2208 findet.
338 2194 380 2198 —-
410 2175 541 2219 Sophus
566 2176 619 2208 eiu
646 2175 735 2215 grie-

64 2222 215 2254 chischer
232 2220 348 2262 Name,
375 2231 401 2252 s.
434 2224 483 2262 10,
502 2222 555 2263 47,
571 2222 608 2260 ὃς
634 2221 734 2253 Nicb.

65 2267 102 2300 R.
128 2267 166 2300 G.
186 2266 217 2306 3,
246 2266 322 2297 366.
353 2285 395 2288 —
419 2266 626 2310 suppliciter,
660 2276 686 2298 s.
706 2278 734 2298 c.

66 2313 167 2354 20,·2.
188 2331 231 2334 —
249 2310 380 2351 bellum,
401 2322 447 2355 μ,
465 2312 515 2343 sie
533 2312 647 2344 hiitten
674 2322 736 2344 nur

64 2368 135 2390 zum
158 2357 278 2390 Scliein
310 2355 452 2389 Frieden
482 2357 632 2398 gesucht,
664 2367 735 2388 was

60 2403 182 2445 jedoch
203 2401 276 2434 Liv.
305 2401 403 2434 kaum
431 2403 554 2434 einmal
583 2402 736 2434 erwahnt

64 2449 131 2480 hat.
158 2465 199 2470 —
224 2446 270 2478 ad
285 2446 368 2487 idl,
395 2447 446 2488 22,
469 2447 523 2487 38,
552 2448 600 2479 12.
620 2458 736 2491 ——pa-

65 2496 184 2532 catum,
203 2492 256 2523 die
274 2491 442 2524 Samniten
468 2492 590 2525 leisten
614 2491 735 2525 keinen

66 2537 286 2571 Widerstand
309 2539 419 2577 mehr,
445 2538 527 2570 doch
553 2538 619 2570 soll
654 2538 737 2569 nach

68 2583 128 2615 deu
159 2581 465 2623 Triumphalfasten
499 2583 665 2626 Sulpicius
696 2582 736 2615 de

66 2627 274 2660 Samnitibus
285 2636 365 2658 ann.
377 2626 556 2659 CDXLIX.
573 2628 650 2660 IIII.
667 2627 734 2659 Hal.

138 2683 193 2710 Tit,
212 2681 273 2709 Liv.
288 2681 330 2706 Ill
362 2683 384 2709 3,
397 2683 471 2710 Anti.

803 1584 1254 1628 Nov.t1·iumphirthabeu.
1284 1605 1327 1610 ——
1357 1586 1482 1629 foedus

805 1633 884 1670 ant„
911 1641 936 1663 3.
969 1632 1043 1672 8,)
1025 1655 1055 1671 ..,
1086 1633 1114 1671 13
1152 1632 1273 1664 ebenso
1301 1632 1397 1665 Diod.
1427 1633 1480 1673 20,

810 1677 884 1709 101:
907 1674 1075 1721 Ρωιιαΐοι
1112 1678 1169 1710 και
1209 1679 1384 1710 Σαυνῖται
1438 1698 1479 1701 —

805 1720 897 1768 πρὸς
926 1706 1096 1773 (ἧλλήλους
1109 1718 1270 1778 &9721pr
1292 1724 1481 1756 σωέθεατο

808 1762 1079 1812 πολειιήσαιτες
1106 1767 1162 1810 ἔτι]
1190 1770 1299 1801 εἴκοσι
1331 1764 1394 1801 δύο
1421 1770 1480 1801 καὶ

805 1810 978 1900 ’ἐῖῆὲἔςῖἕξ
986 1813 1480 1901 Ιξίἶοέιῆξᾱὲιῐζέὴξέἰίἒέἲιιέθιῗ,

807 1914 837 1934 xx
841 1884 934 1935 elohe
952 1904 1030 1936 sehr
1054 1904 1135 1936 mild
1165 1916 1240 1946 gew
1243 1915 1321 1937 esen
1337 1916 1377 1936 zu
1407 1906 1479 1938 sein

807 1949 1065 1988 schciuen,sind
1082 1950 1305 1991 fibergangen,
1331 1951 1400 1992 vgl.
1431 1952 1480 1990 10,

811 1995 861 2037 16,
879 1996 919 2033 5;
939 1995 980 2026 ib.
1004 1997 1057 2035 11,
1077 1996 1135 2036 12,·
1153 1995 1250 2028 Nieb.
1270 1996 1301 2037 3,
1320 1996 1397 2028 304.

853 2041 951 2072 5—9.
968 2041 1029 2072 sub
1046 2044 1160 2084 specle,
1178 2052 1204 2073 3.
1224 2042 1278 2082 36,
1290 2042 1321 2082 7,
1343 2041 1398 2080 12;
1426 2042 1480 2082 44,

808 2086 862 2127 24,
880 2087 921 2124 4,
941 2086 1033 2118 Curt
1057 2087 1107 2126 10,
1126 2087 1179 2125 21,
1200 2087 1258 2120 21:
1283 2087 1345 2119 suh
1361 2087 1482 2119 tutelae

807 2141 923 2174 speeie,
947 2142 1019 2172 gew
1024 2111 1196 2164 iihnl’icher
1214 2132 1260 2164 ist
1277 2143 1384 2176 specte
1403 2133 1484 2164 odei·

802 2186 864 2219 per
885 2178 1044 2219 speciem3
1078 2178 1180 2210 sehon
1205 2178 1301 2219 lange
1326 2188 1397 2210 war
1425 2170 1483 2209 i'hr

810 2220 922 2254 Abfall
949 2228 1112 2255 erwartet
1141 2224 1296 2264 worden,
1326 2233 1352 2255 3.
1378 2222 1398 2265 ξ
1423 2224 1481 2263 10;

803 2267 892 2308 jetzt
918 2268 1060 2301 eihebeu
1080 2269 1129 2301 sie
1147 2269 1229 2310 sich,
1253 2268 1411 2300 nachdem
1429 2268 1483 2300 die

808 2312 978 2345 Saiuniten
999 2313 1126 2347 bei-eits
1146 2313 1290 2346 Frieden
1311 2314 1483 2355 geschlos-

809 2368 867 2390 sen
894 2358 1011 2392 haben.
1041 2379 1082 2382 -—
1110 2361 1288 2400 missitav„
1312 2369 1338 2390 s.
1363 2358 1445 2390 Sall.
1464 2357 1488 2390 I.

809 2403 864 2444 38,
887 2405 925 2443 1‚·
951 2409 1046 2436 sonst
1065 2405 1108 2437 ist
1135 2405 1194 2436 das
1213 2403 1270 2436 W.
1297 2404 1417 2436 selten.
1443 2423 1485 2427 -

809 2451 923 2493 tempt.
943 2469 984 2472 -—
1009 2453 1058 2489 ut,
1075 2450 1129 2482 die
1143 2449 1264 2482 Ro'mer
1274 2450 1485 2489 versuchten,

809 2493 850 2525 ob
871 2494 922 2526 sie
941 2494 1125 2536 bmvirken,
1151 2494 1326 2526 erreichen
1343 2494 1485 2534 ko'nnen,

810 2539 888 2571 (lass
907 2550 937 2570 u.
959 2550 983 2571 s.
1004 2550 1047 2572 w.
1085 2540 1144 2571 Die
1163 2540 1297 2581 Aequor
1321 2537 1485 2581 fiirchteu,

812 2583 889 2616 dass
907 2584 958 2617 sie
983 2585 1158 2626 geno'thigt
1176 2584 1310 2616 werden
1328 2584 1382 2615 die
1400 2584 1484 2616 civi·

812 2633 864 2660 tus
883 2629 954 2661 sine
977 2629 1135 2669 sutri-agio
1155 2629 1390 2667 anzunebmen,
1422 2627 1484 2659 Ro-

1155 2686 1199 2718 24
