1763 2983
60 222 84 241 a.
104 212 154 240 ch.
173 212 233 239 213.

502 211 625 244 LIBER
652 212 744 245 XXI.
778 211 869 244 CAP.
896 214 947 246 24.
976 213 1027 245 25.
1421 210 1475 252 57

57 318 164 364 velle,
195 323 230 356 el
255 317 311 354 vel
330 316 382 355 illi
403 316 565 367 propius
586 315 774 354 Iliberrim
795 316 1032 360 accederent,
1066 315 1122 353 vel
1146 328 1185 353 se
1208 315 1474 354 Ruscinonem

58 385 348 426 processurum,
381 378 422 411 ut
442 384 488 410 ex
509 372 730 422 propinquo
755 384 988 423 congressus
1010 372 1157 410 facilior
1178 377 1295 410 esset:
1329 384 1418 410 nam
1440 378 1476 410 et
1495 377 1515 408 4

58 437 308 481 accepturum
329 441 394 467 eos
416 428 454 467 in
478 433 598 467 castra
620 440 689 466 sua
711 440 751 466 se
773 429 925 473 laetum,
947 441 1019 467 nec
1039 434 1264 467 cunctanter
1288 441 1328 467 se
1344 429 1473 479 ipsum

58 487 102 526 ad
136 499 202 525 eos
229 491 447 525 venturum.
488 485 680 536 hospitem
708 485 810 523 enim
843 498 883 524 se
914 485 1052 524 Galliae
1083 498 1162 523 non
1184 485 1335 524 hostem
1356 485 1472 523 adve—

59 544 173 589 nisse,
206 554 275 581 nec
295 541 518 581 stricturum
541 547 627 580 ante
647 542 827 592 gladium,
859 542 890 580 si
910 554 979 593 per
1001 542 1127 581 Gallos
1149 542 1268 587 liceat,
1301 554 1418 592 quam
1434 541 1474 580 in

59 600 202 639 Italiam
234 598 409 637 venisset.
463 603 499 636 et
530 610 599 648 per
628 598 786 636 nuntios
818 598 975 648 quidem
1007 598 1119 643 haee,
1162 604 1204 636 ut
1234 611 1325 637 vero
1355 598 1474 649 reguli
1495 598 1513 628 5

57 656 254 696 Gallorum
287 655 418 694 eastris
439 654 485 693 ad
505 654 695 693 Iliberrim
721 655 913 705 extemplo
937 655 1051 693 motis
1072 654 1173 693 haud
1197 661 1399 705 gravanter
1423 655 1471 693 ad

58 712 235 751 Poenum
257 717 457 756 venerunt,
480 711 578 762 capti
598 711 710 749 donis
733 723 822 750 cum
845 711 947 750 bona
968 723 1061 762 pace
1073 711 1286 750 exercitum
1303 724 1372 762 per
1385 711 1471 749 finis

58 781 150 808 suos
171 775 319 819 praeter
340 768 606 807 Ruscinonem
629 767 817 819 oppidum
840 768 1149 806 transmiserunt.

170 826 214 864 ln
235 825 378 863 Italiam
400 825 553 863 interim
575 825 668 862 nihil
693 825 788 863 ultra
809 837 926 875 quam
951 824 1139 862 Hiberum
1163 824 1343 862 transisse
1368 824 1474 862 Han—

60 881 224 920 nibalem
244 894 263 920 a
285 881 579 920 Massiliensium
602 881 731 932 legatis
753 882 919 920 Romam
940 881 1131 931 perlatum
1153 886 1243 926 erat,
1274 893 1363 919 cum
1384 893 1475 931 per-

57 938 147 977 inde
176 950 219 976 ae
249 938 280 976 si
310 938 416 988 Alpis
448 938 522 976 iam
544 938 762 982 transisset,
792 938 861 976 Boi
882 938 1089 976 sollicitatis
1112 936 1344 976 Insubribus
1366 937 1475 975 defe—

58 1001 205 1040 cerunt,
221 1006 291 1033 nec
307 1000 384 1033 tam
405 994 453 1032 ob
469 1000 612 1033 veteres
641 994 880 1045 inpopulum
892 995 1115 1033 Romanum
1126 994 1213 1040 iras,
1237 1006 1354 1045 quam
1371 994 1475 1044 quod

58 1063 184 1101 nuper
206 1051 302 1089 eirca
326 1051 475 1089 Padum
496 1051 729 1090 Placentiam
747 1052 1059 1101 Cremonamque
1085 1051 1254 1089 colonias
1277 1050 1315 1089 in
1340 1063 1477 1102 agrum

1496 887 1514 918 14

802 1187 869 1216 mis.
907 1184 979 1216 hier
1012 1184 1186 1220 t1·ansitiv;
1219 1183 1284 1215 wie
1310 1194 1334 1215 c.
1365 1185 1418 1224 20,
1445 1186 1477 1224 4,

803 1230 867 1272 ng
896 1240 920 1260 c.
952 1231 1001 1263 17.
1034 1231 1062 1263 6.

57 1197 83 1218 5.
102 1188 156 1221 22,
179 1188 227 1225 16,
245 1187 263 1219 3
284 1197 314 1217 u.
332 1197 360 1217 a.
379 1203 422 1208 —
440 1192 477 1223 et,
496 1184 547 1216 die
567 1194 731 1226 genauere

58 1232 194 1273 Angabe
229 1232 286 1263 der
309 1232 382 1269 Art,
417 1230 480 1262 wie
506 1231 562 1262 das
587 1233 736 1272 conloqui

58 1281 143 1308 statt
161 1277 267 1309 finden
284 1278 400 1312 kiinne,
420 1275 530 1308 durfte
551 1276 615 1307 wol
631 1276 732 1307 durch

57 1330 85 1355 et
104 1322 305 1365 angekniipft
325 1322 468 1363 werden,
481 1332 551 1353 was
567 1323 649 1353 noch
663 1331 732 1353 we-

62 1368 153 1409 niger
178 1368 333 1400 auffallen
363 1368 487 1407 wiirde,
512 1377 608 1398 wenn
633 1376 667 1398 es
693 1374 730 1401 et.

59 1421 96 1446 ut
114 1415 302 1454 ——faodz'or
328 1420 413 1447 esset,
447 1416 495 1445 vel
517 1416 579 1444 etc.
606 1412 730 1452 hiesse3

59 1460 113 1498 24,
141 1461 191 1499 19,
214 1460 232 1492 3
252 1460 331 1501 geht
354 1459 453 1498 nicht,
472 1458 535 1490 wie
554 1468 595 1489 au
621 1469 650 1489 u.
671 1457 730 1498 St„

59 1505 109 1537 ein
136 1504 335 1536 Anerbieten
365 1505 496 1543 voi-her,
524 1504 590 1544 vgl.
620 1506 649 1540 5,
677 1505 730 1541 33,

58 1552 87 1583 3.
102 1569 145 1572 -
157 1553 205 1582 vel
218 1568 260 1573 -—
273 1553 320 1583 vel
336 1560 387 1581 um
408 1549 459 1581 die
473 1548 555 1581 freie
571 1548 674 1581 Wahl
691 1560 729 1580 zu

58 1595 267 1631 bezeichnen,
297 1596 444 1637 dagegen
469 1595 561 1627 Caes.
579 1595 612 1626 B.
641 1595 674 1626 C.
704 1597 729 1634 1,

59 1643 96 1675 9:
122 1648 177 1673 aut
202 1644 268 1681 ipse
292 1643 334 1673 ad
367 1653 398 1673 se
424 1643 564 1681 propias
597 1643 729 1680 accedat,

58 1693 114 1720 aut
147 1699 178 1719 se
198 1690 343 1727 paciatur
377 1689 527 1719 accedere.
555 1703 597 1709 -
626 1688 730 1726 hospi-

58 1740 117 1765 tem
131 1750 172 1754 ⁴—
193 1735 320 1772 hostem,
339 1743 364 1763 c.
387 1734 438 1768 19,
457 1734 495 1765 9:
522 1731 666 1772 dagegen
689 1731 733 1762 ist

58 1783 228 1810 venturum
263 1796 305 1800 —
341 1780 502 1810 advenisse
534 1795 576 1799 —-
603 1779 735 1809 venisset

61 1823 152 1854 nicht
169 1823 399 1864 heabsiehtigt,
427 1822 492 1864 vgl.
519 1824 572 1863 25,
600 1824 652 1856 37.
685 1824 732 1856 11.

60 1886 103 1891 —-
133 1870 263 1904 Galliae,
300 1869 445 1910 dagegen
479 1868 537 1899 der
568 1867 680 1899 Plural
706 1879 732 1900 c.

60 1915 114 1953 21,
144 1915 201 1950 103
230 1916 282 1951 23,
309 1916 327 1947 2
353 1926 382 1945 u.
401 1925 429 1945 a.
450 1934 489 1938 —
512 1915 585 1946 haec
610 1926 637 1945 n.
656 1917 731 1957 eyz't,

57 1970 82 1991 s.
118 1970 143 1990 c.
177 1961 229 2000 41,
268 1961 325 1998 17,
362 1962 391 1999 5,
426 1961 479 1999 43,
518 1962 555 1992 2:
584 1962 733 1992 adversus

57 2016 137 2047 quoe
172 2008 311 2037 Romam?
351 2007 436 2037 m'lzt'l
480 2011 601 2038 temere.
667 2006 732 2037 Das

58 2050 135 2091 folg.
156 2062 227 2083 vero
242 2051 340 2092 zeigt,
361 2051 434 2082 ‹las-s
455 2052 555 2082 sehon
574 2051 625 2083 die
644 2056 732 2083 (τι-516

58 2095 227 2128 Botschaft
259 2096 311 2127 die
347 2096 475 2128 Gallier
514 2097 733 2138 umgestimmt

58 2141 152 2173 habe.
179 2158 221 2164 -
249 2149 421 2183 yrcwanter
448 2142 511 2174 wie
538 2149 731 2182 cunctanter,

49 2188 247 2228 festinanter
279 2199 306 2218 u.
336 2198 374 2228 a.‚
403 2187 441 2219 Η.
476 2189 550 2228 348,
574 2188 730 2230 gebildet,

60 2243 121 2264 nur
153 2232 225 2264 hier
257 2233 450 2274 gebraucht,
489 2233 553 2264 wie
582 2236 609 2271 1,
637 2236 667 2274 2,
694 2236 731 2268 3:

56 2282 229 2320 yravatim3
259 2277 407 2310 wiflfssin
441 2278 512 2309 will
542 2278 639 2310 dafiir
676 2280 731 2311 das

58 2328 149 2355 sonst
166 2324 218 2356 bei
234 2323 269 2355 L.
291 2324 516 2365 gewijhuliche
531 2331 667 2366 qravate.
690 2343 732 2347 ——

59 2372 142 2409 capti
165 2373 206 2409 d.,
233 2381 258 2401 c.
298 2372 350 2406 23,
383 2372 415 2403 1:
450 2372 503 2409 26,
539 2372 568 2402 6.
593 2387 638 2393 -
663 2382 733 2403 cum

60 2416 87 2446 b.
109 2426 154 2454 p..
182 2417 365 2457 ungestiirt,
391 2415 424 2447 in
442 2415 535 2447 Ruhe
555 2416 619 2447 und
637 2415 732 2448 Frie-

61 2459 133 2498 den,
158 2461 293 2502 eigentl.
329 2461 412 2501 „mit
448 2460 641 2493 friedlicher
666 2460 733 2494 Ge-

60 2504 199 2547 siunung
223 2506 279 2538 ihn
304 2506 526 2548 begleitend‘2
561 2518 586 2538 c.
613 2508 665 2547 32,
694 2509 732 2547 ὃς

66 2551 92 2588 1,
127 2552 178 2589 24,
213 2553 249 2591 3;
283 2553 336 2589 28,
373 2554 426 2587 37,
453 2556 490 2586 4:
520 2555 628 2584 elassis
654 2554 733 2584 bova

60 2606 129 2628 cum
162 2607 236 2635 pace
275 2606 397 2637 accepta
429 2606 489 2631 est:
528 2598 672 2639 dagegen
702 2600 731 2632 8.

66 2642 114 2675 15,
141 2643 173 2673 1:
191 2644 270 2675 bona
285 2654 360 2683 pace
382 2646 540 2676 obtineret.
562 2661 606 2666 —
626 2651 732 2676 trans·

849 1272 1025 1312 25-26.
1056 1277 1085 1308 2.
1112 1273 1275 1307 Aufstand
1304 1274 1362 1306 der
1381 1274 1478 1306 Boier

801 1321 866 1353 und
899 1320 1067 1359 Insubrer,
1106 1319 1173 1352 Pol.
1211 1322 1240 1356 3,
1277 1322 1320 1354 40
1332 1318 1370 1359 ᾖ,
1397 1320 1477 1363 App.

850 1413 945 1445 1ᾏ3.
973 1413 1016 1443 In
1042 1412 1114 1443 Ital.
1140 1411 1225 1442 wird
1250 1421 1395 1452 genauer
1421 1411 1477 1443 be-

800 1457 924 1489 stimmt
951 1457 1052 1488 durch
1073 1459 1214 1490 Romam.
1258 1456 1389 1488 Andere
1407 1457 1477 1489 zie·-

801 1504 863 1535 hen
902 1502 953 1534 die
989 1503 1109 1535 XVorte
1142 1503 1225 1533 noch
1258 1513 1297 1534 zu
1322 1505 1477 1535 transmi-

800 1556 922 1587 serunt,
947 1549 1103 1580 wodurch
1131 1548 1185 1580 ein
1212 1548 1392 1590 passender
1410 1547 1477 1580 Ge-

801 1599 936 1635 gcnsatz
950 1594 1117 1625 zwiseheu
1137 1596 1171 1625 in
1187 1595 1261 1626 Ital.
1278 1605 1307 1625 u.
1320 1596 1478 1626 Hiberum

800 1641 960 1680 entsteht,
976 1640 1056 1671 aber
1076 1639 1127 1671 eiu
1148 1650 1188 1670 zu
1206 1638 1314 1671 fernes
1329 1639 1402 1672 Ziel
1416 1650 1476 1671 an-

800 1686 945 1727 gegeben
962 1685 1065 1722 wird;
1095 1685 1179 1717 auch
1198 1685 1327 1716 scheint
1350 1688 1385 1717 in
1403 1687 1476 1719 Ital.

802 1731 834 1762 in
854 1732 961 1772 Bezug
985 1730 1044 1762 auf
1067 1731 1125 1762 das
1149 1730 1391 1763 Unternehmen
1420 1732 1478 1763 der

802 1776 898 1809 Beier
916 1787 955 1808 zu
975 1778 1100 1808 stehen.
1127 1796 1171 1799 —
1191 1779 1279 1808 ultra
1294 1788 1334 1817 q.,
1365 1778 1395 1810 8.
1423 1778 1476 1817 33,

806 1824 853 1856 14.
875 1840 919 1845 -
945 1824 1017 1861 Boi,
1046 1822 1079 1854 L.
1106 1823 1164 1853 hat
1195 1822 1285 1853 nicht
1313 1823 1477 1860 erwiihnt,

802 1868 876 1899 dass
897 1868 932 1899 H.
953 1867 1023 1899 sich
1049 1869 1132 1899 auch
1158 1867 1216 1899 mit
1241 1867 1351 1899 diesen
1376 1869 1477 1900 sehon

802 1913 834 1944 in
853 1913 1068 1954 Verbindung
1092 1918 1221 1955 gesetzt
1238 1913 1302 1945 und
1323 1913 1395 1945 ihre
1413 1913 1476 1945 Er-

803 1959 971 2000 bitterung
988 1969 1090 2000 gegen
1113 1959 1164 1991 (116
1185 1958 1303 1991 Riimer
1327 1959 1393 1990 wol
1419 1969 1477 2001 ge—

802 2005 907 2036 kannt
924 2005 1020 2041 habe,
1050 2016 1074 2036 s.
1093 2016 1118 2036 c..
1141 2006 1193 2045 23,
1217 2006 1243 2038 1.
1265 2005 1416 2046 obgleich
1441 2015 1478 2037 er

803 2061 836 2082 es
856 2061 881 2082 c.
898 2052 951 2091 52,
968 2052 987 2084 4
1002 2051 1051 2082 als
1065 2051 1211 2083 bekannt
1226 2050 1400 2088 annimmt;
1419 2062 1479 2082 nur

803 2097 906 2128 durch
924 2108 960 2128 ae
978 2099 1009 2128 si
1024 2098 1101 2136 Alp.
1119 2100 1181 2128 etc.
1207 2096 1292 2127 wird
1310 2096 1390 2128 leise
1416 2107 1476 2127 an-

802 2142 968 2183 gedeutet,
992 2142 1066 2174 dass
1084 2142 1132 2174 sie
1145 2142 1215 2173 sich
1229 2142 1271 2173 im
1290 2142 1477 2174 Yertrauen

801 2186 862 2219 auf
876 2188 943 2221 ihu.
964 2187 1044 2219 aber
1065 2199 1104 2220 zu
1131 2186 1216 2222 friih,
1246 2188 1390 2220 erhoben
1417 2188 1477 2219 ha-

802 2234 872 2265 ben.
898 2233 958 2265 Die
980 2234 1086 2267 Boier.
1106 2245 1130 2265 s.
1151 2236 1180 2267 5.
1203 2235 1255 2266 35,
1275 2234 1388 2265 hatten
1406 2233 1477 2265 sich

801 2283 869 2311 erst
895 2281 959 2312 224
986 2289 1014 2310 a.
1042 2279 1110 2311 Ch..
1142 2279 1193 2311 die
1222 2277 1374 2310 Insubrer
1400 2280 1476 2319 222,

803 2324 963 2357 Periocha
981 2326 1040 2361 20:
1063 2324 1131 2357 Pol.
1153 2326 1184 2358 2,
1206 2326 1259 2358 35,
1286 2326 1312 2357 1.
1332 2325 1391 2356 den
1411 2324 1477 2355 Ra-

801 2380 891 2402 mern
914 2370 1211 2402 unte1·w0rfeu.—
1229 2372 1362 2402 sollio-it..
1393 2381 1418 2400 c.
1445 2371 1475 2404 2,

803 2418 840 2455 73
866 2415 935 2448 Pol.
964 2427 989 2447 c.
1017 2419 1069 2456 40,
1097 2418 1133 2449 8:
1159 2416 1478 2461 παρακαλέσαντες

801 2458 1119 2509 τοὺς”[ι’σομβρας.
1140 2479 1183 2484 —-
1202 2471 1318 2500 nuper,
1339 2470 1372 2492 es
1390 2460 1476 2491 kann

803 2518 862 2538 nur
894 2517 978 2548 ganz
1014 2508 1094 2539 kurz
1127 2506 1249 2538 vorher
1291 2506 1475 2546 geschehen

801 2553 881 2589 sein,
900 2564 925 2584 s.
946 2552 1065 2585 Aseon.
1087 2552 1118 2583 in
1138 2551 1201 2583 Pis.
1228 2563 1255 2594 p.
1276 2553 1312 2584 3:
1337 2553 1421 2584 video
1443 2554 1477 2583 in

801 2600 973 2630 annalibus
997 2609 1114 2638 eoo-unt,
1140 2599 1200 2638 qm*
1226 2599 1386 2629 Punicum
1413 2599 1477 2629 bel-

802 2647 865 2676 lum
907 2647 1079 2676 secumdum
1122 2644 1335 2683 seripserunt.
1391 2645 1480 2676 tradi
