1763 2983
137 938 186 975 11

166 1172 183 1204 2

222 208 298 246 114

699 203 823 236 LlBER
851 202 916 237 vll.

954 201 1046 235 CAP.
1075 203 1126 234 10.
1158 205 1207 235 11.
1408 201 1630 228 5113913911.

215 309 385 360 periculo
403 306 571 346 vulneris
587 306 711 345 factus
733 306 967 344 insinuasset
985 318 1025 344 se
1049 305 1150 343 inter
1166 314 1308 354 corpus
1330 314 1527 354 armaque,
1548 315 1628 341 uno

214 366 413 416 alteroque
423 363 677 403 subindeictu
695 369 868 402 ventrem
887 368 1003 414 atque
1020 361 1181 411 inguina
1203 358 1330 398 hausit
1346 365 1385 397 et
1400 360 1440 399 in
1456 360 1627 411 spatium

149 435 182 465 11
215 422 355 473 ingens
377 426 558 460 ruentem
579 420 748 472 porrexit
771 420 940 459 bostem.
988 418 1146 457 iacentis
1177 416 1266 455 inde
1289 428 1429 467 corpus
1452 417 1497 456 ab
1520 417 1628 455 omni

210 479 283 518 alia
306 478 505 517 vexatione
536 477 724 517 intactum
757 489 835 516 uno
868 482 1005 526 torque
1033 473 1221 526 spoliavit,
1254 486 1373 525 quem
1403 486 1626 525 respersum

146 546 184 579 12
214 548 353 574 cruore
376 535 473 574 collo
495 534 748 574 circumdedit
771 547 853 572 suo.
896 533 1079 571 defixerat
1108 542 1226 582 pavor
1254 543 1342 569 cum
1372 531 1627 570 admiratione

210 591 357 639 Gallos3
389 591 555 630 Romani
578 592 719 631 alacres
748 591 794 629 ab
816 589 980 628 statione
1004 588 1156 627 obviam
1180 586 1290 625 militi
1319 599 1390 626 suo
1419 587 1626 639 progressi,

146 661 183 694 13
214 649 451 700 gratulantes
472 647 754 698 laudantesque
777 648 822 686 ad
845 646 1075 685 dictatorem
1098 645 1329 696 perducunt.
1362 644 1465 683 inter
1487 644 1628 683 carmi-

210 718 305 745 num
322 718 445 757 prope
463 705 554 743 mod
563 718 626 744 um
645 705 841 743 incondita
860 703 1049 755 quaedam
1070 701 1287 740 militariter
1303 700 1516 740 ioculantes
1528 701 1627 740 Tor-

210 763 317 814 quati
339 774 557 814 cognomen
580 762 773 807 auditum3
808 759 1047 800 celebratum
1073 758 1212 797 deinde
1242 758 1408 809 posteris
1430 758 1546 797 etiam
1568 758 1627 797 fa·

147 830 183 861 14
210 819 415 871 miliaeque
438 819 580 857 honori
601 818 688 858 fuit.
724 818 890 856 dictator
913 829 1095 856 coronam
1121 811 1276 855 auream
1301 815 1445 854 addidit
1467 815 1628 860 donum,

210 876 398 928 mirisque
420 888 490 927 pro
515 877 698 915 contione
722 887 807 914 eam
830 886 999 926 pugnam
1022 873 1200 912 laudibus
1224 871 1322 910 tulit.

326 933 372 972 Et
391 931 548 972 hercule
564 933 660 972 tanti
683 945 725 971 ea
749 932 796 970 ad
814 931 982 971 universi
1000 930 1087 969 belli
1106 934 1288 969 eventum
1306 929 1497 968 momenti
1514 927 1630 966 dimi-

213 990 312 1029 catio
335 991 420 1036 fuit,
448 994 492 1028 ut
514 989 711 1029 Gallorum
740 988 933 1028 exercitus
962 987 1138 1040 proxima
1167 990 1281 1025 nocte
1309 985 1452 1025 relictis
1481 984 1628 1037 trepide

213 1047 348 1086 castris
369 1047 407 1086 in
429 1046 635 1086 Tiburtem
658 1059 808 1098 agrum,
832 1051 946 1097 atque
968 1044 1057 1083 inde
1081 1044 1265 1083 societate
1287 1042 1377 1081 belli
1398 1043 1498 1082 facta
1520 1054 1627 1082 com-

214 1110 424 1156 meatuque
459 1102 625 1155 benigne
657 1104 702 1142 ab
730 1102 961 1142 Tiburtibus
988 1102 1142 1141 adiutus
1180 1113 1269 1139 mox
1309 1099 1348 1138 in
1379 1099 1627 1152 Campaniam

214 1161 422 1200 transierit.
456 1171 499 1200 ea
528 1162 599 1199 fuit
623 1173 750 1205 031153,
781 1173 850 1199 cur
880 1159 1057 1211 proximo
1082 1170 1186 1197 anno
1209 1157 1247 1196 C.
1271 1157 1466 1196 Poetelius
1488 1155 1628 1196 Balbus

213 1219 360 1264 consul,
391 1231 478 1257 cum
512 1218 681 1268 collegae
714 1217 798 1256 01115
820 1217 868 1255 M.
893 1216 1010 1256 Fabio
1033 1214 1226 1254 Ambusto
1249 1214 1406 1254 Hernici
1436 1212 1629 1266 provincia

214 1347 355 1379 Bereicli
377 1345 437 1378 der
454 1345 598 1385 lVaffen,
624 1345 738 1384 uiiber,
765 1344 815 1375 als
835 1345 887 1376 die

216 1391 342 1425 Gesahr
357 1392 494 1431 reichte,
513 1391 563 1423 als
582 1391 658 1423 dass
673 1390 886 1431 ους-01001100

216 1439 350 1470 werden
366 1438 507 1476 konnte;
527 1438 580 1476 24,
599 1437 651 1477 34,
675 1439 730 1469 lo:
746 1438 889 1479 propiels

215 1483 374 1526 quaedam
387 1483 658 1521 subibantnaves,
677 1492 738 1524 quo
754 1483 887 1513 interio-

216 1541 269 1562 res
295 1529 416 1561 ictibus
442 1531 686 1560 tormentorum
705 1530 826 1559 essent.
847 1545 889 1549 —

215 1577 344 1617 s’czotus,
369 1575 477 1606 dieses
503 1584 575 1605 war
599 1583 637 1604 01·
664 1574 765 1604 sehon
784 1573 834 1604 als
853 1583 890 1604 er

217 1621 289 1653 sich
306 1621 390 1651 noch
406 1624 504 1652 unter
522 1619 593 1651 dem
609 1618 741 1650 Schilde
759 1617 889 1657 befand,

217 1667 268 1698 ein
288 1675 388 1697 neues
403 1666 551 1698 Moment
569 1664 700 1696 enthiilt
718 1665 890 1695 insinuas-

216 1715 275 1744 set.
309 1730 351 1734 —
384 1714 532 1743 venirem
571 1721 600 1741 α.
636 1712 726 1752 iuga,
770 1710 890 1741 anders

217 1757 376 1789 Claudius
394 1757 415 1789 1.
434 1757 471 1788 l.:
499 1755 647 1789 Manlius
666 1757 783 1787 iterum
799 1757 892 1786 scuto

217 1806 346 1835 scutum
368 1803 528 1845 pereutit,
558 1803 658 1842 atque
682 1800 720 1832 de
742 1801 809 1832 Ioco
835 1802 892 1832 lto-

216 1850 338 1880 minem
365 1850 485 1879 iterum
515 1846 631 1878 deiecit
644 1860 655 1886 ,·
682 1856 718 1878 eo
742 1849 837 1889 pacto
861 1847 895 1877 ei

221 1894 280 1925 sub
308 1892 465 1925 Gallicum
487 1891 642 1934 gladium
666 1893 826 1923 surressit
855 1910 891 1913 —

220 1942 317 1980 atque
342 1938 522 1982 Hispanico
551 1941 664 1980 pectus
686 1938 814 1977 lmus-il,
838 1937 892 1968 (le-

221 1984 297 2016 inde
321 1986 473 2016 continuo
506 1984 525 2014 Ιι
538 1993 721 2014 umerum
746 2002 787 2005 -—
812 1984 893 2014 inci-

221 2030 280 2061 dit.
299 2047 342 2052 —-
359 2030 491 2061 lzausit:
511 2029 745 2067 durchbohrle,
762 2028 827 2060 wie
842 2028 893 2060 hei

222 2074 393 2113 Claudius,
412 2085 439 2106 5.
459 2076 490 2115 9,
513 2076 540 2114 1,
559 2076 595 2113 9,
621 2074 712 2105 Curt.
734 2074 764 2114 7,
784 2074 814 2111 S,
834 2074 892 2112 273

220 2120 298 2153 Tac.
320 2120 357 2151 H.
379 2120 408 2160 1,
427 2120 481 2159 41,
498 2119 733 2157 heiDichtern,
750 2120 894 2161 s.Haupt

222 2167 283 2198 Ov.
304 2164 384 2197 Met.
405 2167 433 2205 5,
457 2166 539 2204 1263
558 2165 660 2196 sehon
675 2164 767 2197 Hom.
787 2164 822 2195 ll.
845 2165 893 2201 13,

223 2212 305 2243 507:
335 2207 394 2242 διὰ
424 2207 454 2241 d'
484 2208 605 2256 ἔντερα
630 2209 763 2252 χαλκὸς
788 2205 890 2253 ith'o’

221 2275 263 2280 -—
282 2257 431 2299 spatium.
455 2257 537 2298 iuga,
558 2256 593 2287 11.
623 2257 673 2294 16,
694 2255 774 2286 Τῖϋε
800 2258 894 2287 κεῖτο

221 2302 334 2345 μέγας
350 2302 564 2345 μεγαλωστί.

271 2347 414 2378 11-13,
433 2348 619 2384 remotione,
651 2346 733 2377 ohne
759 2357 798 2376 zu
817 2357 894 2377 101·-

223 2394 351 2431 lemen,
380 2392 591 2429 οἰκίζεσθαι.
619 2409 660 2413 —
687 2393 820 2432 torque,
842 2391 893 2422 010

221 2437 447 2480 gegliederter
470 2437 646 2477 Halsring,
678 2437 743 2468 wie
769 2436 817 2468 510
841 2436 893 2467 1110

222 2483 356 2515 Gallier
370 2488 502 2523 trugen,
521 2483 574 2522 24,
593 2482 644 2522 42,
666 2482 695 2513 S.
711 2500 752 2504 —
768 2481 897 2523 defime-

219 2532 275 2561 ναί
292 2534 367 2569 etc.‚
386 2530 416 2568 3,
435 2529 489 2568 47,
508 2529 539 2560 6.
554 2546 595 2550 —
611 2529 697 2559 inter
709 2538 814 2559 carin.
830 2533 894 2558 010.

219 2590 262 2601 =
279 2585 459 2616 cognomen
491 2572 650 2615 Torquati
671 2572 824 2604 auditum
845 2574 895 2604 in-

223 2623 275 2652 ter
300 2620 482 2652 ioculantes
514 2620 707 2652 militariter
730 2618 899 2651 incondita

962 1343 1125 1386 quaedam
1146 1353 1249 1386 prope
1278 1344 1466 1374 carminum
1496 1341 1628 1374 modum

963 1389 1127 1428 Gronov.;
1151 1399 1255 1421 comte.
1270 1398 1370 1431 prope
1386 1399 1441 1427 m.‚
1459 1399 1484 1420 s.
1506 1388 1558 1425 30,
1582 1389 1630 1427 lo,

966 1436 1022 1475 123
1049 1436 1205 1478 prowime
1234 1436 1374 1476 speciem
1409 1452 1447 1456 —
1483 1435 1630 1471 navium,

964 1481 1100 1521 Madvig
1113 1490 1217 1511 verm.
1229 1489 1335 1522 prope
1348 1481 1381 1510 in
1396 1479 1542 1521 modum,
1560 1479 1630 1520 vgl.

963 1527 993 1567 2,
1011 1528 1064 1567 45,
1084 1528 1119 1566 5,
1139 1526 1192 1556 die
1209 1525 1429 1556 vei-wickelte
1443 1524 1631 1557 VVortstel-

964 1572 1054 1613 lung,
1083 1582 1108 1603 s.
1130 1570 1233 1613 praef.
1253 1572 1282 1612 5,
1308 1571 1354 1602 ist
1378 1570 1551 1602 vielleicht
1574 1571 1631 1601 da—

964 1618 1066 1650 durch
1081 1617 1290 1655 entstanden‚
1310 1617 1387 1648 dass
1396 1616 1516 1648 L.eiue
1527 1615 1631 1649 usen-

965 1665 1052 1705 dung
1068 1662 1132 1693 wic
1151 1663 1180 1702 5,
1198 1662 1252 1701 49,
1270 1662 1286 1692 7
1301 1673 1307 1692 :
1333 1663 1420 1694 inter
1437 1663 1523 1693 iocos
1544 1661 1634 1693 mili—

965 1712 1066 1748 tares,
1084 1718 1164 1750 qnos
1180 1705 1364 1739 inconditos
1381 1709 1506 1739 iaciunt
1518 1725 1562 1730 —
1575 1717 1634 1749 ap·

963 1754 1106 1798 pellatur
1135 1754 1178 1785 im
1209 1753 1307 1785 Sinne
1336 1753 1445 1793 hatte,
1475 1753 1525 1784 sie
1554 1752 1635 1785 aber

965 1810 1080 1841 xxegen
1106 1800 1165 1830 der
1200 1799 1344 1830 n‘aheren
1369 1798 1634 1839 Bestimmungen

961 1856 1061 1890 prope
1078 1845 1141 1876 und
1159 1844 1353 1876 militariter
1367 1845 1425 1876 ioc.
1445 1843 1576 1884 aufgab.
1592 1861 1635 1866 —

956 1890 1197 1934 Jhmiliaeque,
1216 1890 1336 1921 nabere
1354 1889 1579 1930 Bestimmung
1595 1899 1635 1920 zu

963 1938 1118 1981 posteris,
1147 1946 1184 1967 er
1208 1946 1231 1966 11
1242 1935 1323 1966 urde
1341 1935 1496 1966 Beiname
1525 1934 1636 1965 dieser

967 1982 1108 2014 Familie
1126 1981 1185 2013 der
1202 1980 1354 2013 Manlier.
1382 1980 1469 2012 Geli.
1486 1980 1507 2011 1.
1519 1980 1556 2012 l.:
1575 1990 1636 2021 quo

966 2039 1009 2059 ezz-
1032 2028 1127 2070 s'acio
1152 2028 1219 2069 ipse
1239 2027 1429 2069 posterique
1454 2027 1526 2057 eius
1555 2023 1637 2057 Tor-

967 2075 1060 2116 quati
1070 2075 1147 2104 sunt
1160 2073 1398 2114 cognominati.
1415 2090 1458 2094 —
1467 2080 1529 2114 pro
1540 2073 1637 2112 cont„

968 2132 996 2151 c.
1017 2119 1047 2159 7,
1072 2118 1103 2149 3.

1015 2159 1082 2196 11.
1135 2162 1229 2193 1—4.
1268 2164 1424 2193 societate
1457 2167 1538 2201 etc,
1578 2171 1636 2193 aus

968 2211 1027 2241 1101·
1045 2208 1260 2248 Verbindung
1283 2208 1342 2239 der
1359 2207 1555 2240 Tiburtiner
1577 2206 1638 2238 mit

970 2256 1029 2286 den
1053 2253 1205 2286 Galliern
1231 2253 1316 2285 liisst
1336 2253 1406 2285 sich
1424 2253 1476 2284 die
1490 2251 1640 2284 Erbitte—

971 2311 1056 2341 rung
1091 2299 1268 2331 derselben
1304 2309 1408 2340 gegen
1437 2298 1491 2329 die
1520 2296 1639 2328 Ro'mer

970 2345 1150 2383 erkenuau,
1175 2354 1201 2375 s.
1221 2343 1252 2383 S,
1280 2345 1330 2384 14,
1358 2344 1389 2375 9.
1412 2361 1454 2366 ——
1477 2344 1573 2384 facta
1595 2359 1638 2364 -—

967 2390 1112 2432 adiutus,
1131 2400 1156 2422 s.
1176 2391 1205 2429 5,
1227 2390 1276 2429 18,
1296 2390 1325 2422 5.
1343 2407 1385 2411 —
1402 2388 1538 2428 Balbus,
1555 2391 1640 2419 statt

970 2437 1081 2468 dieses
1113 2440 1208 2467 sonst.
1238 2435 1327 2466 nicht
1357 2434 1549 2465 crw'ahnten
1574 2432 1639 2463 Zu—

971 2491 1104 2513 namens
1129 2481 1188 2512 der
1205 2479 1354 2512 P'otelier
1377 2479 1482 2510 haben
1507 2478 1558 2509 die
1576 2477 1639 2509 Fa—

971 2532 1045 2558 sten
1061 2526 1360 2565 Liba—Hernici,
1378 2521 1640 2556 dei-Geschi‘ifts-

973 2572 1063 2604 kreis
1081 2572 1139 2603 der
1158 2571 1370 2612 Magistrntc,
1394 2570 1424 2610 3,
1448 2569 1478 2608 2,
1506 2568 1536 2608 3,
1554 2568 1637 2598 xxii-d

972 2619 1019 2650 oft
1043 2617 1102 2648 mit
1126 2617 1196 2648 dem
1215 2616 1337 2648 [Numen
1365 2616 1421 2647 des
1439 2611 1566 2647 volkes
1585 2613 1640 2644 be-
