1763 2983
165 299 217 338 43

741 188 866 221 LIBER
891 188 936 221 X.
984 188 1076 222 CAP.
1102 189 1155 222 43.
1491 196 1520 216 a.
1540 197 1570 216 u.
1590 188 1658 216 461.

243 191 324 230 466

364 292 506 331 Eadem
530 295 686 331 fortuna
708 292 754 331 ab
786 292 906 331 altero
938 293 1096 332 consule
1127 293 1172 332 ad
1197 293 1416 333 Cominium
1449 300 1554 345 gesta
1585 308 1660 336 reS.

245 350 369 402 prima
400 350 484 388 luce
507 349 553 388 ad
576 349 730 389 moenia
753 350 936 389 omnibus
959 350 1079 402 copiis
1100 351 1267 390 admotis
1289 363 1434 390 corona
1455 351 1572 391 cinxit
1592 365 1660 392 ur-

246 408 335 447 bem
358 406 608 458 subsidiaque
640 407 764 453 firma,
797 419 846 446 ne
869 419 944 459 qua
965 408 1118 460 eruptio
1150 408 1273 454 fieret,
1308 409 1433 459 portis
1464 410 1659 461 opposuit.

196 478 215 509 2
246 465 321 504 iam
346 464 498 515 signum
522 464 681 503 dantem
704 477 793 503 eum
826 464 990 504 nuntius
1020 477 1041 503 a
1072 465 1214 516 collega
1248 466 1419 517 trepidus
1452 466 1498 504 de
1529 466 1661 518 viginti

246 521 465 561 cohortium
490 521 660 561 adventu
689 527 727 560 et
755 522 801 561 ab
830 522 981 573 impetu
1018 526 1192 561 moratus
1221 527 1278 561 est
1299 528 1338 561 et
1358 527 1508 574 partem
1531 524 1662 575 copia-

246 591 333 618 rum
358 590 539 617 revocare
560 579 793 618 instructam
826 579 1099 630 intentamque
1129 579 1175 617 ad
1198 580 1501 631 oppugnandum
1524 581 1659 631 coegit.

246 635 289 674 D.
310 635 474 674 Brutum
496 635 680 675 Scaevam
702 636 870 687 legatum
890 648 978 675 cum
996 636 1148 688 legione
1165 636 1290 687 prima
1307 642 1346 675 et
1363 636 1498 676 decem
1521 637 1661 676 cohor-

244 692 348 731 tibus
371 692 498 732 alariis
520 693 775 745 equitatuque
796 693 851 732 ire
873 693 1059 732 adversus
1083 692 1300 732 subsidium
1324 694 1497 732 hostium
1527 694 1658 733 iussit:

247 762 495 801 quocumque
517 750 557 789 in
574 751 660 789 loco
682 750 824 790 fuisset
846 749 993 797 obvius⁷
1014 750 1225 789 obsisteret
1246 763 1290 790 ac
1310 756 1543 798 moraretur,
1575 764 1659 791 ma—

246 819 436 858 numque,
460 807 493 846 si
515 807 615 846 forte
637 808 688 846 ita
709 821 773 847 res
794 812 987 860 posceret,
1011 808 1219 854 conferret,
1252 807 1367 847 modo
1389 820 1438 847 ne
1460 808 1506 847 ad
1529 808 1659 848 Comi-

199 879 211 893 r
244 864 354 903 nium
384 877 451 904 eae
482 865 614 916 copiae
643 864 840 904 admoveri
872 869 1047 916 possent.
1089 865 1172 916 ipse
1201 865 1321 904 scalas
1343 865 1433 904 ferri
1455 865 1500 904 ad
1523 878 1658 905 muros

245 921 291 960 ab
315 922 421 960 omni
442 927 551 973 parte
575 922 684 961 urbis
711 922 825 961 iussit
856 933 899 960 ac
930 922 1123 961 testudine
1145 922 1193 961 ad
1215 927 1346 973 portas
1368 923 1576 971 successit,
1607 923 1660 962 si-

246 979 329 1017 mul
359 984 398 1017 et
425 978 739 1031 refringebantur
762 983 896 1030 portae
931 983 971 1017 et
999 979 1056 1017 vis
1085 979 1257 1030 undique
1287 979 1327 1018 in
1356 992 1493 1019 muros
1529 980 1657 1018 fiebat.

247 1035 442 1074 Samnites
469 1036 581 1081 sicut,
604 1042 814 1087 antequam
839 1035 878 1073 in
895 1035 1018 1074 muris
1035 1035 1210 1075 viderent
1225 1042 1407 1083 armatos,
1428 1036 1522 1075 satis
1538 1036 1659 1075 animi

248 1091 470 1131 habuerunt
492 1093 536 1131 ad
560 1093 829 1144 prohibendos
849 1091 954 1131 urbis
976 1092 1081 1131 aditu
1102 1093 1247 1139 hostes,
1269 1094 1332 1139 ita,
1354 1098 1560 1145 postquam
1584 1094 1658 1133 iam

248 1160 328 1187 non
352 1161 397 1188 ex
419 1149 621 1188 intervallo
643 1163 716 1189 nec
737 1148 949 1188 missilibus
965 1149 1034 1188 sed
1053 1149 1272 1189 comminus
1289 1150 1494 1201 gerebatur
1514 1162 1587 1197 res,
1611 1155 1660 1196 et,

247 1206 314 1257 qui
344 1218 456 1257 aegre
478 1212 747 1246 successerant
768 1220 814 1246 ex
836 1207 951 1257 plano
973 1206 1013 1245 in
1035 1218 1182 1253 muros,
1212 1206 1310 1254 loco,
1329 1219 1444 1258 quem
1467 1208 1589 1258 magis
1609 1207 1662 1246 ti-

245 1267 438 1310 muerant,
473 1264 573 1303 victo
604 1264 716 1303 facile
747 1265 786 1302 in
816 1264 970 1302 hostem
1003 1263 1178 1315 inparem
1211 1276 1257 1302 ex
1277 1277 1400 1315 aequo
1423 1263 1660 1316 pugnabant,

246 1320 387 1358 relictis
420 1320 594 1360 turribus
624 1321 826 1372 murisque
856 1320 895 1359 in
922 1320 1051 1359 forum
1083 1332 1220 1359 omnes
1251 1321 1439 1373 conpulsi,
1467 1321 1663 1373 paulisper

209 1389 212 1391 “
247 1376 336 1416 inde
358 1382 654 1429 temptaverunt
675 1383 891 1417 extremam
913 1389 1065 1429 pugnae
1086 1378 1306 1426 fortunam3
1335 1378 1474 1417 deinde
1503 1378 1662 1417 abiectis

247 1433 365 1473 armis
388 1434 434 1473 ad
457 1447 495 1473 xl
516 1435 622 1474 milia
644 1435 852 1474 hominum
876 1439 915 1473 et
938 1447 1032 1473 cccc
1053 1434 1094 1473 in
1116 1435 1233 1473 fidem
1256 1435 1427 1474 consulis
1448 1439 1661 1482 venerunt3

247 1503 357 1530 caesa
379 1491 424 1530 ad
448 1504 504 1530 1111
526 1504 739 1531 ncchXXX.
760 1515 816 1520 ———
838 1491 902 1531 Sic
930 1491 977 1530 ad
999 1491 1234 1540 Cominium,
1264 1492 1320 1531 sic
1347 1492 1394 1532 ad
1415 1492 1661 1543 Aquiloniam

202 1583 211 1590 .
249 1552 355 1598 gesta
372 1560 455 1596 res;
483 1548 574 1588 inde
596 1549 727 1589 medio
748 1549 853 1588 inter
880 1549 975 1588 duas
996 1548 1113 1588 urbes
1141 1548 1280 1601 spatio,
1309 1549 1375 1588 ubi
1403 1549 1517 1589 tertia
1545 1561 1663 1602 expe—

287 1668 355 1707 43·
393 1675 493 1708 1—4..
522 1685 643 1709 corona
670 1686 710 1717 c.,
736 1677 768 1717 4,
798 1676 847 1717 19,
874 1675 903 1707 8.

240 1738 283 1743 -
301 1732 321 1752 a
338 1720 408 1752 coll.
432 1726 508 1761 etc,
533 1722 565 1763 9,
595 1721 649 1763 20,
674 1722 712 1760 2;
743 1722 825 1753 iiber
851 1721 904 1753 die

241 1767 397 1809 doppelte
414 1766 512 1809 Priip.
532 1777 557 1799 s.
577 1779 604 1799 c.
623 1767 678 1807 26,
697 1768 734 1806 ὃς
754 1768 785 1808 2,
805 1767 859 1808 52,
874 1768 904 1798 7.

240 1829 283 1835 -—
300 1813 524 1855 oppugnanti„
549 1813 693 1844 absolut.
717 1831 760 1835 ——
782 1813 903 1854 legion.

239 1868 272 1900 p.
286 1869 311 1889 e.
327 1858 358 1889 d.
374 1858 683 1897 c.‚n1itder}stilfte
699 1859 755 1890 des
765 1858 903 1890 Heeres.

241 1921 282 1926 —
300 1903 432 1945 alm-iis,
452 1915 477 1934 c.
498 1905 551 1944 40,
570 1904 599 1935 8.
619 1923 661 1926 —
678 1906 904 1946 equitataque,

238 1950 298 1980 mit
323 1949 382 1980 der
416 1960 456 1980 zu
482 1949 594 1981 diesen
620 1949 903 1992 Trnppentheilen

239 1995 452 2035 gebin-endan
483 1994 648 2036 Reitcrei,
677 1996 782 2037 Marq.
813 1995 844 2035 3,
874 1995 905 2035 2,

239 2041 315 2071 305.
344 2058 387 2062 ——
413 2040 548 2081 subt-id„
578 2041 632 2072 die
662 2051 735 2072 zum
764 2039 905 2072 Entsatz

238 2085 297 2117 der
326 2084 422 2116 Stadt
453 2085 667 2118 konimenden
696 2085 832 2117 Feinde.
861 2103 906 2108 —

237 2131 364 2173 fuisset
389 2135 431 2162 st.
457 2132 515 2163 des
538 2131 599 2164 fut.
625 2136 733 2163 exact.
753 2150 795 2154 -—
821 2131 906 2162 obsi-

238 2179 346 2209 steret
363 2177 446 2208 nach
463 2178 522 2218 ire,
544 2188 569 2208 s.
588 2178 620 2219 3,
638 2177 734 2218 27,4.
753 2196 796 2200 -—-
813 2187 903 2208 man.

239 2224 413 2265 conferret
442 2222 543 2254 findet
572 2223 662 2264 sich,
692 2233 788 2255 wenn
822 2222 906 2254 auch

238 2268 400 2309 seltener,
418 2268 521 2300 ncben
540 2279 677 2300 manum
700 2278 882 2300 conserere.

284 2315 381 2346 5—6.
413 2313 579 2346 testudine
604 2314 671 2355 vgl.
703 2325 729 2345 c.
760 2315 813 2352 41,
846 2314 903 2352 143

237 2358 291 2402 34,
310 2360 364 2400 39,
383 2361 401 2392 6
417 2371 423 2399 3
443 2360 497 2401 44,
512 2360 585 2401 9‚9,
604 2359 724 2390 anders
739 2370 766 2391 c.
781 2360 835 2400 29,
854 2359 903 2392 12.

236 2407 386 2437 —simat
397 2408 465 2437 et—
476 2406 554 2447 et,5‚
565 2405 618 2445 26,
632 2406 681 2436 10.
699 2404 903 2447 z·1'sfiebat,3,

237 2453 267 2493 ἴ),
285 2453 321 2491 53
339 2452 393 2493 37,
411 2453 462 2491 11,
484 2453 533 2484 10.
554 2469 598 2474 —
621 2452 806 2481 conanimis
831 2454 904 2491 etc.,

237 2497 317 2529 nach
332 2498 391 2528 der
407 2496 625 2536 Darstellung
640 2496 696 2527 L's
710 2496 824 2527 h'zitten
851 2496 905 2527 die

238 2543 356 2575 Romer
365 2543 418 2574 die
434 2541 549 2574 Mauer
561 2541 744 2583 erstiegen,
765 2539 824 2572 auf
834 2542 907 2573 die-

237 2598 293 2620 ser
319 2588 351 2619 in
378 2588 438 2620 der
455 2586 548 2619 Nfihe
577 2588 641 2619 und
660 2598 704 2619 eoe
728 2596 830 2629 aequo
848 2596 906 2627 ge-

994 1673 1123 1718 k'zimpft
1139 1675 1203 1706 und
1222 1675 1307 1707 dann
1329 1680 1401 1707 erst
1418 1674 1470 1706 die
1489 1675 1658 1707 Samniten

995 1720 1067 1752 sich
1086 1720 1372 1762 zuriickgezogen.
1398 1720 1446 1752 Da
1460 1720 1510 1752 ein
1527 1721 1661 1753 solcher

995 1764 1119 1808 Hampf
1145 1765 1205 1798 auf
1226 1767 1285 1798 der
1310 1765 1428 1798 Mauer
1461 1767 1661 1798 schwerlich

993 1815 1077 1843 statt
1094 1811 1202 1843 finden
1220 1812 1356 1852 konnte,
1373 1822 1410 1843 so
1428 1811 1473 1843 ist
1487 1811 1661 1844 vielleicht

994 1857 1236 1897 anzunehmen,
1262 1858 1338 1889 dass
1366 1857 1418 1888 die
1435 1856 1531 1889 Stadt
1557 1858 1661 1890 durch

994 1902 1315 1943 terrasse11f61=1nige
1332 1902 1578 1943 Abschroffung
1603 1904 1661 1935 des

994 1948 1129 1989 Ber-ges,
1149 1959 1173 1979 s.
1193 1960 1220 1980 e.
1242 1949 1294 1989 17,
1312 1949 1368 1987 103
1388 1948 1441 1988 41,
1460 1949 1511 1990 14,
1526 1959 1590 1980 nur
1606 1959 1659 1980 um

994 1993 1046 2025 die
1056 1993 1167 2025 Thorc
1181 1994 1241 2025 mit
1250 1994 1388 2025 Mauern
1404 1992 1565 2035 befestigt
1577 2005 1661 2035 war,

994 2049 1031 2070 so
1046 2039 1122 2070 dass
1136 2038 1266 2071 aufden
1282 2039 1458 2070 einzelnen
1472 2038 1660 2072 Terrassen

994 2084 1059 2115 und
1073 2084 1202 2117 aufder
1215 2084 1306 2117 Htihe
1326 2085 1433 2117 selbst
1446 2085 1479 2116 in
1494 2085 1553 2117 der
1566 2085 1659 2117 Nahe

993 2129 1162 2173 gekiimpft
1175 2131 1311 2162 werden
1325 2131 1458 2172 konnte,
1475 2141 1501 2162 S.
1516 2131 1612 2164 Nieb.
1629 2131 1660 2171 3,

993 2175 1076 2215 4623
1102 2175 1259 2208 Abecken
1284 2175 1315 2207 S.
1337 2176 1412 2208 149.
1429 2195 1472 2200 —
1490 2178 1522 2208 et
1547 2177 1606 2218 qui
1628 2187 1658 2208 n.

994 2224 1026 2253 et
1063 2224 1252 2265 (postquam
1282 2221 1438 2262 Romani)
1467 2224 1661 2264 qui—snc-

994 2278 1072 2299 cess.
1096 2285 1139 2289 —
1165 2269 1198 2299 in
1221 2278 1277 2310 m„
1306 2267 1504 2308 ausgertiekt
1532 2277 1658 2300 waren.

993 2331 1036 2336 --
1061 2314 1154 2354 vicio,
1173 2313 1204 2353 2,
1237 2314 1289 2353 65,
1317 2314 1355 2345 5;
1383 2316 1597 2356 eoesuperant.
1616 2332 1658 2337 —-

992 2358 1278 2402 conpulsi—inde,
1295 2369 1321 2390 s.
1340 2370 1367 2390 c.
1390 2360 1441 2400 17,
1460 2360 1489 2391 8.

1040 2405 1161 2436 9—11.
1204 2404 1290 2445 inde,
1314 2403 1366 2436 die
1390 2404 1577 2446 Beziehung
1600 2405 1660 2436 der

994 2450 1147 2482 Partikel
1173 2449 1219 2482 ist
1242 2449 1374 2489 unklar,
1407 2450 1447 2481 da
1471 2450 1520 2481 sie
1545 2451 1659 2482 weder

993 2495 1080 2528 local
1093 2496 1178 2526 noch
1190 2495 1353 2537 temporal
1367 2496 1508 2537 passend
1523 2506 1658 2536 genom-

994 2550 1066 2574 men
1098 2540 1233 2572 werden
1262 2541 1360 2583 kann,
1388 2550 1461 2572 man
1495 2546 1658 2573 erwartet

995 2585 1162 2619 vielmehr
1177 2587 1315 2619 interim
1332 2585 1382 2618 od.
1400 2597 1464 2618 nur
1488 2587 1522 2618 in
1541 2587 1606 2618 wie
1623 2588 1656 2618 in
