1763 2983
262 222 307 259 111
764 219 887 252 Llssssss
915 219 967 252 w.
1009 219 1100 252 CAP.
1128 222 1157 253 3.
1515 229 1539 246 ει,
1559 229 1584 246 u.
1607 223 1666 247 ³⁶5.

254 336 372 375 opere
402 322 539 374 vigiliis
564 322 810 369 vulneribus,
848 335 947 374 quae
974 336 1130 374 sempor
1158 323 1318 363 eosdem
1348 324 1560 374 urgebant,
1590 336 1659 374 per

254 379 474 431 pactionem
507 379 603 418 urbe
632 379 809 419 hostibus
839 379 980 419 tradita
1012 380 1174 419 inermis
1204 392 1293 419 cum
1322 380 1485 431 singulis
1522 380 1662 419 emissa

204 442 223 473 4
255 435 501 475 vestimentis
525 435 733 475 miserabili
755 436 910 487 agmine
927 442 1089 487 penates
1107 437 1359 488 relinqueret,
1383 450 1428 475 eo
1445 437 1544 475 forte
1565 442 1664 476 tem-

255 505 348 544 pore
366 492 550 532 Camillus
579 505 669 531 cum
706 493 877 532 exercitu
907 493 1083 533 Romano
1120 493 1340 533 intervenit.
1398 493 1460 533 cui
1496 506 1584 532 cum
1621 506 1663 532 se

255 555 397 589 maesta
419 549 534 588 turba
564 550 611 588 ad
642 549 763 600 pedes
798 549 1076 601 provolvisset,
1109 550 1413 602 principumque
1444 550 1663 589 orationem

252 606 489 645 necessitate
511 605 647 645 ultima
668 618 893 657 expressam
916 607 1030 645 ssetus
1053 607 1263 646 mulierum
1287 620 1329 646 ac
1349 618 1574 658 puerorum,
1598 607 1664 657 qui

253 663 355 701 exilii
373 663 534 702 comites
552 663 816 710 trahebantur,
835 663 1061 714 excepisset,
1084 676 1244 715 parcere
1271 663 1452 703 lamentis
1480 663 1664 702 Sutrinos

204 723 223 754 5
255 719 387 759 iussit:
415 719 589 758 Etruscis
612 732 654 758 se
675 720 822 759 luctum
844 720 1101 771 lacrimasque
1122 721 1237 759 ferre.
1281 720 1452 759 sarcinas
1475 720 1566 758 inde
1593 720 1663 758 de-

252 776 344 829 poni
367 776 629 828 Sutrinosque
651 776 705 815 ibi
737 776 942 816 considere
972 777 1127 816 modico
1150 776 1346 828 praesidio
1368 776 1523 824 relicto,
1556 788 1663 815 arma

250 846 384 872 secum
407 833 569 872 militem
591 833 695 872 ferre
725 833 843 872 iubet.
887 833 939 873 ita
970 834 1151 884 expedito
1183 834 1355 872 exercitu
1388 834 1585 884 profectus
1615 834 1663 872 ad

253 890 443 936 Sutrium,
465 890 503 928 id
525 890 629 941 quod
650 889 820 937 rebatur,
852 891 977 929 soluta
1008 890 1139 929 omnia
1162 891 1288 937 rebus,
1320 896 1364 930 ut
1394 891 1449 937 lit,
1480 889 1662 929 secundis

252 947 414 994 invenit,
437 946 583 986 nullam
597 946 807 985 stationem
829 952 918 986 ante
932 947 1096 993 moenia,
1119 953 1297 999 patentes
1309 952 1453 998 portas,
1477 947 1663 986 victorem

203 1013 222 1041 ⁴5
254 1016 393 1054 vagum
415 1004 598 1054 praedam
623 1016 669 1042 ex
691 1004 863 1043 hostium
881 1003 992 1042 tectis
1015 1010 1254 1055 egerentem.
1295 1004 1438 1042 iterum
1462 1003 1580 1054 igitur
1597 1016 1664 1042 eo-

252 1061 340 1098 dem
365 1060 425 1099 die
449 1060 653 1100 Suturium
676 1060 849 1111 capitur,
881 1060 1044 1099 victores
1067 1061 1220 1100 Etrusci
1251 1060 1394 1110 passim
1416 1059 1663 1099 trucidantur

252 1117 298 1156 ab
320 1129 422 1156 novo
445 1118 567 1163 hoste,
604 1129 733 1168 neque
755 1130 796 1155 se
819 1116 1076 1168 conglobandi
1107 1117 1353 1168 coeundique
1382 1117 1422 1156 in
1452 1129 1575 1156 unum
1599 1122 1665 1156 aut

204 1183 221 1213 7
253 1185 360 1213 arma
382 1173 562 1225 capiundi
585 1174 699 1212 datur
719 1173 900 1224 spatium.
944 1186 1031 1212 cum
1055 1186 1124 1224 pro
1146 1186 1187 1212 se
1205 1173 1372 1225 quisque
1390 1175 1597 1213 tenderent
1614 1174 1660 1212 ad

251 1235 392 1281 portas,
423 1230 455 1269 si
486 1243 561 1281 qua
590 1230 690 1269 forte
719 1243 761 1269 se
792 1230 833 1268 in
863 1242 973 1281 agros
1005 1230 1129 1269 eicere
1159 1235 1329 1281 possent,
1361 1231 1506 1269 clausas
1532 1253 1587 1257 ——
1617 1230 1654 1269 id

203 1299 222 1330 S
252 1287 357 1326 enim
378 1286 549 1337 primum
572 1287 738 1326 dictator
758 1287 1222 1338 imperaverat—portas
1244 1286 1461 1325 inveniunt.
1492 1286 1584 1325 inde
1595 1286 1658 1326 alii

250 1356 357 1383 arma
374 1356 524 1394 capere,
548 1343 623 1388 alii,
647 1356 745 1394 quos
766 1344 866 1382 forte
884 1348 1052 1382 armatos
1069 1344 1260 1382 tumultus
1279 1349 1544 1394 occupaverat,
1568 1356 1663 1382 con-

252 1412 388 1439 vocare
410 1412 514 1447 suos,
547 1405 591 1439 ut
611 1400 804 1451 proelium
826 1399 984 1439 inirent.
1022 1399 1125 1451 quod
1157 1412 1366 1438 accensum
1397 1399 1444 1439 ab
1477 1400 1661 1451 despera—

251 1457 360 1495 tione
382 1457 557 1495 hostium
579 1457 729 1502 fuisset,
752 1457 793 1495 ni
815 1468 1025 1508 praecones
1038 1468 1109 1507 per
1131 1456 1268 1494 urbem
1281 1456 1429 1495 dimissi
1451 1457 1544 1507 poni
1556 1468 1662 1495 arma

253 1519 292 1552 et
313 1513 417 1564 parci
441 1513 583 1552 inermi
607 1513 812 1552 iussissent
843 1525 915 1552 nec
936 1519 1089 1563 praeter
1118 1518 1286 1551 armatos
1309 1525 1548 1564 quemquam
1581 1513 1664 1551 vio-

206 1582 225 1609 a
254 1570 334 1609 lari.
375 1575 460 1609 tum
485 1569 600 1608 etiam
624 1570 766 1621 quibus
785 1569 904 1608 animi
934 1570 974 1608 in
996 1582 1063 1620 spe
1083 1569 1222 1608 ultima
1252 1569 1435 1608 obstinati
1457 1570 1504 1608 ad
1527 1570 1663 1609 decer-

251 1627 415 1666 tandum
437 1626 614 1673 fuerant,
646 1632 854 1678 postquam
887 1626 972 1665 data
1001 1639 1090 1677 spes
1122 1626 1219 1664 vitae
1251 1632 1320 1672 est,
1348 1625 1488 1664 iactare
1518 1626 1663 1676 passim

254 1695 372 1728 arma,
396 1683 660 1734 inermesque,
684 1683 788 1734 quod
810 1682 932 1722 tutius
953 1683 1110 1721 fortuna
1140 1682 1298 1729 fecerat,
1320 1695 1362 1721 se
1384 1682 1486 1721 hosti
1509 1684 1662 1721 offerre.

191 1752 230 1783 10
252 1752 396 1790 ‚magna
418 1738 627 1778 multitudo
645 1739 685 1778 in
702 1738 894 1778 costodias
912 1739 1051 1786 divisa,
1075 1738 1260 1790 oppidum
1283 1745 1373 1778 ante
1396 1744 1551 1778 noctem
1574 1740 1665 1778 red-

254 1796 379 1836 ditum
399 1794 568 1835 Sutrinis
591 1796 819 1836 inviolatum
837 1796 1111 1847 integrumque
1128 1794 1173 1834 ab
1192 1795 1300 1834 omni
1321 1796 1428 1835 clade
1445 1796 1547 1842 belli,
1575 1795 1663 1848 quia

252 1938 295 1943 —
308 1920 469 1962 poncium,
489 1920 556 1960 vgl.
576 1920 607 1960 2,
626 1920 679 1958 25,
697 1920 732 1951 4:
748 1929 862 1962 pavor.
881 1938 923 1942 —-

250 1966 393 2008 poctiou.
417 1978 462 1991 πε
485 1975 546 2007 per
578 1964 783 1996 condiciones
808 1964 828 2007 ξ
866 1964 922 2003 1ος

253 2020 349 2041 wenn
381 2009 435 2041 die
462 2009 636 2049 Besiegten
669 2020 731 2042 vor
763 2010 821 2042 der
845 2009 923 2041 Ein-

254 2056 369 2086 nahme
386 2054 478 2087 ihrer
492 2055 588 2087 Stadt
605 2056 708 2087 durch
722 2055 833 2087 Sturm
851 2055 924 2086 sich

254 2101 414 2140 ergeben,
440 2101 570 2132 konnen
597 2100 646 2132 sie
671 2100 744 2132 sich
768 2099 924 2132 Manches

254 2145 493 2187 ausbedingen,
512 2145 577 2177 wie
594 2145 666 2177 hier
685 2145 811 2186 Leben,
829 2145 924 2178 Frei-

253 2190 332 2229 heit,
350 2188 531 2232 Hleidung,
548 2201 574 2222 s.
594 2191 622 2230 2,
644 2191 694 2232 17,
713 2192 749 2230 63
769 2192 799 2231 9,
817 2190 871 2230 42,
887 2191 922 2230 7;

254 2236 322 2276 vgl.
342 2236 372 2274 4,
392 2236 445 2275 34,
464 2236 492 2267 3.
534 2236 596 2267 Die
612 2235 816 2268 Einwohner
838 2245 925 2268 wer-

255 2281 316 2312 den
358 2281 516 2320 entfernt,
556 2292 608 2312 um
649 2281 709 2312 den
743 2281 924 2322 wiehtigen

254 2325 374 2366 Punkt‚
393 2337 419 2358 s.
439 2338 466 2358 c.
485 2326 516 2367 9,
535 2327 566 2366 4,
584 2326 644 2358 mit
660 2331 778 2358 treuen
796 2326 924 2358 Leuten

255 2382 296 2403 zu
312 2371 479 2404 besetzen.
497 2389 541 2394 —
557 2382 643 2403 cum.
659 2382 675 2402 s
702 2382 740 2412 0.,
755 2372 786 2411 4,
809 2372 859 2411 10,
877 2372 908 2403 4.

300 2417 421 2448 4—10.
448 2428 482 2448 eo
499 2417 528 2459 f.
547 2419 581 2454 t.‚
600 2416 663 2447 wie
680 2421 773 2448 sonst
790 2420 859 2448 tum
879 2416 924 2448 im

256 2462 454 2501 Nachsatze,
472 2472 497 2493 s.
520 2462 548 2500 1,
567 2462 620 2501 54,
639 2462 668 2492 3.
683 2478 726 2484 —
743 2462 879 2501 immeo„
897 2473 922 2493 s.

257 2509 288 2548 t),
309 2508 361 2547 17,
384 2508 432 2538 16.
451 2525 495 2529 -
516 2507 611 2548 ferre
632 2521 677 2533 -Ξ
696 2506 847 2548 adferre,
870 2507 923 2547 23,

257 2552 287 2593 9,
303 2551 332 2582 5.
347 2570 391 2575 ——-
403 2551 556 2595 eapedito
576 2551 620 2583 ist
634 2552 676 2583 ini
693 2552 855 2592 Vorherg.
871 2561 924 2583 er-

258 2597 525 2629 laram—soluta
538 2601 613 2636 etc„
627 2597 694 2629 alle
709 2596 924 2629 Mannszucht

259 2643 322 2673 und
340 2642 559 2674 militiirische
578 2642 737 2683 Ordnung
754 2652 826 2674 war
848 2642 924 2675 auf·

995 1919 1113 1960 geliist.
1145 1937 1188 1941 ——-
1219 1922 1253 1950 ut
1274 1920 1320 1960 fil
1348 1919 1425 1951 tritt
1458 1919 1664 1960 gewiihnlich

996 1964 1161 1996 zwisehen
1179 1964 1262 1995 zwei
1275 1974 1462 1995 zusammen
1476 1964 1664 2004 gabei-ende

996 2009 1148 2050 Begriffe,
1167 2020 1193 2041 c.
1213 2009 1267 2049 21,
1285 2010 1321 2047 73
1345 2011 1372 2049 1,
1392 2010 1423 2049 7,
1442 2010 1478 2046 7;
1499 2008 1553 2048 22,
1572 2010 1625 2048 57,
1643 2010 1663 2041 4

996 2066 1026 2086 11.
1041 2065 1082 2095 0.,
1101 2055 1166 2095 vgl.
1186 2055 1216 2094 9,
1232 2055 1286 2095 22,
1302 2055 1330 2086 7.
1345 2073 1388 2077 —
1400 2057 1519 2097 portas
1531 2071 1575 2076 —-
1587 2064 1663 2096 por·-

996 2103 1059 2140 tas,
1085 2100 1152 2140 vgl.
1170 2100 1200 2141 6,
1219 2101 1272 2140 33,
1291 2100 1328 2138 93
1350 2099 1404 2140 23,
1423 2100 1477 2138 24,
1499 2099 1557 2130 10:
1582 2110 1663 2142 pon-

996 2148 1059 2177 tem
1073 2164 1114 2168 —
1127 2147 1237 2187 ponte.
1252 2163 1292 2166 —
1308 2155 1371 2188 pro
1386 2162 1428 2167 —
1442 2144 1541 2186 tend,
1558 2145 1623 2185 vgl.
1635 2146 1665 2184 4,

998 2191 1049 2230 31,
1067 2191 1105 2229 23
1124 2191 1177 2227 21,
1193 2190 1246 2227 33,
1266 2191 1294 2220 5.
1313 2208 1354 2212 -—
1373 2199 1453 2231 quos
1468 2191 1510 2232 sl,
1528 2202 1567 2217 Ξ
1583 2201 1666 2231 quos

997 2246 1086 2275 casu,
1100 2235 1190 2266 nicht
1202 2234 1266 2265 wie
1280 2233 1300 2276 ξ
1315 2236 1352 2266 7:
1367 2236 1399 2265 se·
1410 2236 1587 2276 quasorte,
1602 2235 1663 2266 wie

996 2282 1054 2322 qui
1086 2281 1177 2322 forte
1213 2280 1305 2312 nicht
1346 2280 1446 2312 leicht
1482 2280 1664 2320 gebraucht

996 2326 1094 2357 wird.
1117 2344 1160 2348 —-
1186 2327 1218 2357 in
1236 2335 1290 2367 spe
1309 2325 1381 2366 ult„
1407 2325 1459 2356 als
1486 2325 1664 2365 (obgleich)

996 2371 1093 2402 kaum
1107 2371 1190 2401 noch
1204 2375 1319 2410 etwas,
1336 2370 1490 2410 Rettung,
1505 2381 1544 2401 zu
1558 2370 1664 2401 boffen

997 2426 1077 2456 war,
1095 2416 1219 2448 vorher
1231 2415 1430 2457 desperatio.
1449 2434 1492 2438 -—
1510 2416 1667 2447 obstinati

995 2461 1041 2493 ad
1063 2461 1128 2493 wie
1155 2461 1184 2497 5,
1212 2461 1266 2499 41,
1295 2462 1321 2492 1.
1348 2478 1393 2483 -
1417 2460 1665 2501 decertandum,

996 2517 1059 2538 von
1079 2507 1149 2537 dem
1166 2505 1289 2538 Streite
1308 2506 1397 2537 nicht
1413 2505 1584 2545 ablassen,
1611 2506 1663 2537 ibn

996 2563 1037 2583 zu
1067 2551 1158 2583 Ende
1195 2550 1324 2582 fiihren.
1351 2570 1392 2573 —
1419 2552 1453 2582 ίιι
1484 2550 1661 2591 custodias,

996 2596 1273 2628 wahrscheinlich
1292 2596 1393 2627 denkt
1408 2595 1443 2627 L.
1467 2606 1507 2627 an
1526 2596 1578 2627 die
1597 2595 1663 2627 Ge-

995 2641 1165 2682 sangnisse
1182 2642 1240 2673 der
1257 2641 1364 2682 stadt,
1381 2641 1448 2682 vgl.
1472 2641 1520 2681 10,
1537 2640 1568 2681 2,
1591 2640 1641 2674 12.
