1763 2983
516 154 535 173 0

1490 195 1504 211 a
1534 196 1559 212 u.
1583 188 1631 212 393

234 189 311 228 112
678 186 802 220 LIBER
827 187 895 221 Vll.
935 187 1027 220 CAP.
1053 187 1084 219 9.
1114 188 1165 220 10.

344 291 511 329 Dictator
547 302 634 328 cum
672 290 864 328 tumultus
895 290 1027 328 Gallici
1065 301 1176 328 causa
1214 287 1405 326 iustitium
1444 288 1639 333 edixisset,

231 359 366 385 omnes
389 347 562 385 iuniores
584 352 826 385 sacramento
848 347 987 398 adegit,
1018 345 1244 396 ingentique
1267 345 1439 383 exercitu
1468 344 1514 384 al)
1545 344 1641 384 urbe

230 404 428 454 profectus
450 403 486 441 in
511 403 691 441 citeriore
720 403 802 454 ripa
824 403 983 442 Anienis
1006 408 1128 441 castra
1149 400 1290 452 posuit.
1329 412 1428 452 pons
1451 401 1491 439 in
1514 401 1642 440 medio

230 465 308 498 erat
329 460 478 498 neutris
496 472 585 498 eum
599 458 888 510 rumpentibus,
911 472 959 498 ne
977 458 1129 496 timoris
1146 457 1333 496 indicium
1351 463 1464 496 esset.
1497 458 1642 508 proelia

231 517 278 554 de
302 516 529 566 occupando
552 522 672 567 ponte
701 515 835 554 crebra
858 522 983 559 erant,
1014 526 1096 561 nec,
1127 514 1191 565 qui
1214 519 1455 564 poterentur,
1488 514 1644 553 incertis

232 572 379 611 viribus
403 572 493 611 satis
516 573 684 611 discerni
706 578 867 623 poterat.
910 578 993 610 tum
1017 571 1158 609 eximia
1180 571 1355 621 corporis
1378 571 1644 622 magnitudine

232 629 270 667 in
296 641 457 668 vacuum
488 635 648 681 pontem
671 629 801 667 Gallus
831 628 1021 679 processit
1053 633 1104 673 et,
1134 633 1324 678 quantum
1359 628 1525 666 maxima
1555 640 1645 666 voce

233 686 358 736 potuit
388 698 532 737 „quem
563 691 692 724 nunc“
724 686 851 735 inquit
888 685 1037 731 „Roma
1070 684 1194 723 virum
1223 684 1484 723 fortissimum
1517 685 1645 730 habet,

233 742 418 793 procedat
435 743 596 792 agedum
617 744 663 781 ad
682 753 863 793 pugnam,
877 748 920 780 ut
937 747 1071 780 noster
1087 741 1256 780 duorum
1273 747 1436 779 eventus
1454 742 1645 784 ostendat,

157 804 209 842 10
235 804 320 838 utra
342 811 435 850 gens
457 799 557 838 bello
579 799 628 838 sit
650 799 828 837 melior.“
861 798 932 836 Diu
954 798 1056 836 inter
1076 798 1268 848 primores
1291 797 1477 836 iuvenum
1500 798 1646 836 Roma-

186 917 205 948 2

187 1143 205 1173 3

188 1257 206 1287 4

189 1372 207 1401 5

235 867 375 895 norum
399 856 599 895 silentium
623 856 708 901 fuit,
741 867 829 893 cum
861 861 899 893 et
921 854 1092 893 abnuere
1124 860 1322 893 certamen
1354 859 1582 893 vererentur
1610 861 1647 893 et

236 913 485 963 praecipuam
514 918 659 951 sortem
692 911 855 963 periculi
885 917 1018 962 petere
1050 911 1210 954 nollent;
1244 917 1328 949 tum
1353 910 1396 949 T.
1419 910 1582 950 Manlius
1603 911 1645 949 L.

234 969 347 1014 filius,
371 969 436 1019 qui
458 975 609 1020 patrem
632 982 651 1008 a
673 968 874 1007 vexatione
892 967 1099 1006 tribunicia
1117 967 1389 1013 vindicaverat,
1413 981 1458 1006 ex
1480 968 1648 1007 statione

233 1025 279 1063 ad
313 1025 542 1065 dictatorem
573 1026 715 1077 pergit:
748 1024 930 1072 „iniussu
959 1029 1054 1063 tu0“
1084 1024 1222 1076 inquit,
1261 1025 1516 1075 „imperator,
1546 1030 1651 1063 extra

237 1082 414 1120 ordinem
434 1094 649 1134 numquam
668 1081 934 1133 pugnaverim,
947 1093 1026 1119 non
1043 1081 1074 1119 si
1093 1087 1237 1120 certam
1257 1081 1455 1120 victoriam
1474 1081 1649 1127 videam3

235 1139 266 1176 si
289 1144 331 1177 tu
353 1139 558 1189 permittis,
584 1140 670 1177 volo
689 1152 757 1190 ego
781 1138 832 1176 illi
849 1138 986 1177 beluae
1004 1138 1224 1183 ostendere,
1249 1138 1405 1189 quando
1422 1138 1518 1176 adeo
1542 1138 1650 1176 ferox

236 1195 449 1246 praesultat
466 1196 637 1234 hostium
656 1196 865 1247 signis,me
882 1208 925 1233 ex
951 1208 992 1233 ea
1011 1194 1157 1233 familia
1179 1200 1320 1239 ortum,
1333 1207 1433 1245 quae
1450 1194 1648 1234 Gallorum

238 1264 375 1302 agini-n
406 1266 451 1290 ex
484 1266 579 1303 rupe
602 1253 761 1304 Tarpeia
792 1251 970 1289 deiecit.·⁴
1004 1256 1087 1289 tum
1117 1251 1282 1290 dictator
1311 1257 1460 1295 „macte
1483 1252 1649 1290 virtute*

241 1309 366 1359 inquit
390 1323 457 1352 „ar
480 1310 622 1360 pietate
647 1309 684 1347 in
707 1314 857 1360 patrem
888 1308 1142 1358 patriamque,
1167 1307 1209 1345 T.
1232 1308 1359 1353 Manli,
1393 1314 1489 1346 esto.
1537 1320 1652 1358 perge

239 1371 276 1403 et
307 1378 449 1403 nomen
472 1366 693 1404 Romanum
718 1366 904 1404 invictum
928 1364 1151 1403 iuvantibus
1175 1364 1246 1402 diis
1269 1370 1460 1415 p1·aesta.“
1502 1370 1653 1403 armant

237 1422 325 1460 inde
348 1422 525 1460 iuvenem
549 1423 748 1475 aequales:
773 1421 950 1473 pedestre
971 1427 1127 1459 scutum
1151 1421 1262 1471 capit,
1293 1420 1463 1471 Hispano
1488 1421 1654 1471 cingitur

237 1556 317 1588 rade
327 1557 406 1588 nach
418 1555 498 1587 Rom
513 1556 692 1595 gewiesen.
708 1575 749 1578 —
764 1555 908 1593 Salaria,

238 1603 268 1639 5,
289 1602 340 1642 37,
361 1603 388 1633 7.
411 1621 447 1624 —
468 1602 636 1632 turnultus
656 1600 704 1641 G,
729 1602 782 1633 ein
802 1602 910 1643 pltitz-

239 1647 364 1685 licher,
382 1646 609 1687 gefahrvoller
627 1645 748 1686 Hrieg,
768 1647 819 1678 bei
838 1647 910 1678 dem

240 1693 322 1723 ohne
340 1693 390 1723 die
415 1692 645 1733 gewiinlichen
665 1692 909 1724 Formalitiiten

240 1747 310 1768 wer
328 1738 444 1778 irgend
464 1737 615 1777 tauglich
633 1747 714 1776 war,
733 1739 815 1769 auch
835 1748 909 1769 vom

239 1781 495 1823 Hriegsdienste
513 1782 672 1820 Befreste,
694 1782 909 1823 Sechzigjzih-

240 1828 310 1868 rige
328 1839 358 1859 u.
378 1839 403 1860 s.
424 1839 483 1868 ψ,
508 1828 718 1869 ausgehoben
745 1829 809 1859 und
835 1838 910 1860 ver-

240 1873 347 1914 eidigt
372 1875 520 1914 wurden,
545 1885 571 1905 s.
591 1874 644 1914 32,
673 1874 724 1915 26,
756 1875 812 1913 113
839 1873 908 1905 Cic.

241 1919 325 1957 Phil,
344 1919 373 1960 S,
402 1921 433 1950 l:
458 1919 538 1960 qnid
558 1922 609 1950 est
634 1918 730 1950 alind
744 1919 912 1950 temmltus

240 1965 308 1995 nisi
319 1966 532 2007 pet-turbatio
551 1967 660 2002 tanta,
685 1967 724 1995 ut
740 1966 850 1996 maior
867 1965 910 1995 tt-

240 2019 313 2040 71107·
330 2011 487 2041 oriatur?
503 2029 544 2032 »ψ
564 2010 676 2051 ltaque
692 2011 837 2041 ‘maiores
855 2020 911 2040 no-

240 2056 305 2086 stri
328 2054 508 2086 tmnnltnm
534 2055 702 2093 Italiemn,
729 2055 818 2096 quod
837 2057 911 2086 erat

241 2099 450 2139 domesticus,
459 2100 637 2131 ttmmltam
645 2099 816 2140 Gallicum,
826 2099 914 2141 qnod

239 2147 313 2176 erat
328 2145 445 2176 Italiae
457 2145 502 2187 fin
508 2147 633 2184 [timu-5,
649 2149 825 2188 praeterea
839 2144 911 2176 nal-

241 2189 309 2221 Iam
349 2191 572 2221 nominabant.
618 2192 762 2231 gravius
800 2193 911 2222 antem

242 2235 420 2267 tumultum
439 2246 512 2266 esse
530 2246 627 2276 qnam
643 2235 757 2267 bellam
772 2236 849 2267 hinc
861 2237 912 2266 in-

241 2280 349 2321 tellegi
367 2282 492 2323 potest,
517 2279 602 2321 qnod
623 2280 702 2312 bello
727 2283 914 2312 vacationes

241 2325 365 2363 valent,
395 2325 540 2356 temmllu
569 2335 632 2355 non
663 2325 783 2361 valen&
822 2326 912 2357 Mar-

244 2370 363 2412 quardt
382 2370 412 2409 3,
431 2370 461 2409 2,
481 2370 556 2407 293,
581 2388 622 2391 —
649 2381 761 2401 omnes
779 2372 860 2411 tun,
880 2372 910 2411 5,

244 2416 297 2453 37,
316 2415 346 2453 2,
366 2427 390 2446 s.
412 2414 487 2446 lhne
510 2416 538 2455 1,
558 2415 633 2446 249.

289 2460 387 2491 7—3.
411 2470 504 2497 enm,
538 2460 565 2499 l,
593 2460 645 2500 23,
672 2460 726 2498 lo,
753 2460 806 2490 die
832 2458 910 2500 folg.

244 2504 466 2545 Schilderung
490 2505 589 2536 findet
612 2504 685 2535 sich
708 2504 841 2536 'tihnlich
859 2504 912 2536 bei

244 2550 403 2582 Claudius
422 2549 676 2590 Quadrigarius,
694 2560 720 2580 s.
741 2548 827 2581 Gell.
848 2550 869 2580 l.
890 2550 909 2581 l.

239 2612 283 2618 ·—-
300 2597 359 2636 qui
374 2599 458 2627 statt
474 2598 560 2634 uter,
580 2605 606 2626 s.
630 2596 656 2636 1,
675 2595 705 2634 6,
719 2595 757 2632 43
790 2596 838 2635 10,
861 2594 910 2633 12,

984 1558 1022 1593 53
1047 1558 1078 1593 9,
1096 1558 1150 1595 45,
1170 1557 1207 1596 83
1235 1557 1287 1595 21,
1307 1558 1360 1595 39,
1379 1559 1419 1595 ὃς
1444 1557 1537 1590 Caes.
1558 1558 1590 1589 B.
1612 1558 1651 1590 G,

984 1604 1013 1641 5,
1031 1602 1085 1641 44,
1105 1602 1140 1641 23
1164 1601 1243 1634 Tac.
1262 1603 1346 1634 Anu.
1368 1604 1395 1645 1,
1420 1604 1473 1635 47.
1500 1622 1542 1626 —
1564 1607 1654 1646 pote-

982 1650 1108 1687 rentur,
1136 1647 1296 1688 besstzen,
1323 1648 1506 1691 behaupten
1525 1649 1652 1689 wiirde,

984 1694 1014 1729 6,
1034 1692 1087 1731 33,
1112 1694 1167 1731 1ος
1188 1693 1240 1731 25,
1264 1694 1447 1731 11,17.—
1466 1693 1575 1726 Ueber
1594 1695 1653 1726 das

983 1737 1124 1780 Tempus
1151 1739 1181 1779 2,
1207 1740 1260 1779 55,
1286 1740 1315 1771 9.
1334 1759 1374 1762 —
1394 1741 1540 1776 incertis,
1566 1742 1597 1779 4,
1623 1741 1653 1774 6.

984 1784 1014 1814 2.
1033 1802 1075 1806 —
1092 1786 1250 1825 magnit„
1275 1783 1378 1817 Geli:
1402 1787 1460 1827 qui
1480 1786 1607 1817 viribus
1622 1788 1654 1816 et

982 1829 1217 1869 magnitudine
1246 1848 1290 1852 —
1318 1831 1512 1862 antistabat.
1527 1850 1568 1853 —
1586 1830 1654 1862 dis-

982 1876 1089 1914 cerni,
1128 1875 1383 1907 unterscheiden
1395 1901 1402 1915 ,
1433 1876 1652 1908 beurtheilen.

982 1937 1024 1941 ——
1042 1918 1164 1958 Gallus,
1180 1921 1262 1951 nach
1280 1921 1353 1959 Dio,
1368 1921 1502 1960 Florus,
1515 1921 1654 1964 Eutrop.

985 1964 1044 1996 der
1068 1963 1175 2005 Houig
1198 1965 1256 1996 der
1284 1965 1322 1997 G.
1348 1985 1389 1989 —
1415 1970 1576 2009 quantum
1595 1967 1655 1999 mit

980 2011 1089 2052 potuit
1106 2020 1146 2041 zu
1163 2010 1358 2051 vei-binden,
1376 2022 1402 2042 s.
1424 2012 1491 2043 Cic.
1510 2013 1580 2044 Att.
1604 2014 1654 2052 15,

985 2054 1038 2093 26,
1048 2054 1066 2084 3
1077 2065 1083 2085 :
1101 2058 1149 2096 ut,
1159 2058 1317 2096 quantum
1326 2058 1423 2088 lzomo
1434 2059 1545 2100 possit,
1555 2067 1652 2098 quam

985 2101 1178 2132 cautissime
1226 2103 1399 2144 navz'gem3
1447 2102 1655 2143 gewb'hnlich

986 2150 1061 2185 sagt
1074 2145 1110 2176 L.
1126 2148 1272 2187 quantas
1290 2147 1447 2189 odquam
1468 2149 1653 2179 maximus.

984 2208 1026 2212 —
1040 2193 1156 2222 noster
1169 2190 1277 2231 damn,
1296 2203 1323 2224 c.
1338 2193 1392 2232 40,
1410 2193 1446 2232 93
1467 2194 1496 2232 S,
1515 2193 1546 2233 7,
1567 2193 1604 2232 73
1627 2195 1654 2233 1,

987 2234 1039 2273 28,
1058 2236 1242 2276 4328,19,
1265 2239 1313 2270 10.

1032 2275 1098 2312 10.
1129 2282 1223 2312 1-5,
1237 2284 1394 2325 praecep„
1418 2283 1485 2323 vgl.
1503 2282 1534 2321 3,
1556 2282 1604 2320 14,
1622 2283 1653 2314 4.

985 2344 1027 2347 —
1046 2336 1107 2356 non
1122 2328 1154 2357 si
1168 2341 1211 2353 =
1231 2331 1354 2359 netum
1368 2327 1510 2368 quidem,
1527 2329 1568 2367 st,
1586 2328 1653 2368 vgl.

986 2371 1016 2407 5,
1035 2371 1088 2409 51,
1111 2373 1143 2409 13
1163 2373 1193 2411 3,
1214 2373 1267 2411 45,
1296 2372 1325 2404 8.
1343 2389 1385 2395 —
1404 2375 1506 2404 εει-ἶνα
1522 2372 1605 2412 ord.‚
1623 2372 1655 2412 8,

984 2417 1015 2454 6,
1038 2417 1094 2453 16;
1122 2416 1166 2448 ib.
1186 2418 1216 2457 7,
1236 2417 1274 2456 73
1301 2417 1354 2457 23,
1378 2417 1431 2457 46,
1459 2418 1497 2450 14
1515 2428 1545 2449 u.
1564 2428 1592 2449 a.
1610 2435 1654 2440 --

983 2461 1157 2502 praesuli„
1190 2462 1467 2505 προμοιχίζεται,
1495 2463 1554 2493 mit
1582 2463 1654 2494 dem

987 2505 1231 2547 Nebenbegriff
1240 2507 1299 2538 der
1308 2506 1532 2547 Vei-achtung,
1551 2508 1582 2547 2,
1600 2507 1654 2546 36,

987 2550 1023 2587 23
1051 2561 1114 2582 nur
1132 2552 1207 2583 hier
1225 2552 1416 2593 gebraucht.
1435 2569 1478 2574 —
1491 2551 1651 2594 pedestre,

986 2594 1016 2633 6,
1036 2595 1066 2634 8,
1086 2596 1123 2636 6;
1143 2596 1174 2638 8,
1193 2597 1223 2636 8,
1237 2597 1266 2628 3.
1283 2615 1319 2619 -
1338 2596 1492 2639 Hispano,
1509 2597 1561 2628 ein
1574 2596 1653 2628 kur·-
