1763 2983
174 402 191 434 4

146 1482 184 1517 11

228 175 305 215 168

725 174 850 208 LIBER
876 174 944 208 VII.
983 174 1075 208 CAP.
1102 176 1154 208 37.

1485 185 1509 203 a.
1530 186 1558 204 u.
1579 176 1638 204 411.

224 279 434 329 omniaque
456 290 499 316 ea
520 277 670 327 ingenti
692 267 888 317 alacritate
910 290 979 330 per
1000 278 1207 318 clamorem
1227 278 1446 324 militarem,
1469 278 1637 321 indicem

223 335 402 375 omnium
424 334 625 381 adsensus,
647 334 893 385 gerebantur.

335 391 464 431 Tertia
486 403 616 443 pugna
637 391 684 430 ad
707 391 932 432 Suessulam
957 391 1167 432 commissa
1188 397 1259 439 est,
1283 405 1358 444 qua
1377 393 1528 443 fugatus
1549 405 1570 432 a
1587 392 1635 432 M.

223 448 370 488 Valerio
388 448 629 488 Samnitium
652 448 845 488 exercitus
868 450 975 488 omni
992 449 1133 488 robore
1150 449 1363 489 iuventutis
1382 449 1498 488 domo
1516 449 1636 489 accito

176 518 194 547 5
224 505 435 545 certamine
459 505 596 545 ultimo
619 508 818 545 fortunam
841 506 1007 558 experiri
1029 507 1178 545 statuit.
1227 507 1273 546 ab
1296 506 1479 545 Suessula
1509 506 1636 547 nuntii

218 562 359 614 trepidi
381 562 565 614 Capuam,
597 562 686 601 inde
709 563 859 614 equites
881 563 985 602 citati
1008 563 1054 602 ad
1076 563 1271 602 Valerium
1295 563 1497 602 consulem
1520 576 1635 615 opem

171 632 190 660 fi
219 625 373 659 oratum
397 620 570 659 veniunt.
608 620 816 659 confestim
839 620 948 671 signa
969 624 1086 666 mota,
1110 620 1331 671 relictisque
1354 619 1635 671 inpedimentis

217 685 250 716 ec
266 682 484 716 castrorum
500 676 624 717 valido
642 677 834 728 praesidio
857 676 998 728 raptim
1016 677 1142 727 agitur
1163 689 1322 727 agmen,
1344 690 1418 716 nec
1434 678 1568 729 procul
1589 677 1634 717 ab

216 734 329 773 hoste
349 734 480 774 locum
502 734 771 785 perexiguum,
795 739 838 772 ut
855 734 997 786 quihus
1015 740 1169 784 praeter
1192 747 1314 785 equos
1332 740 1555 774 ceterorum
1572 734 1633 774 iu-

170 798 187 830 7
219 796 447 831 mentorum
471 792 731 843 calonumque
753 791 868 830 turba
889 790 1059 837 abesset,
1083 790 1217 830 castris
1240 792 1352 842 cepit.
1397 791 1633 832 Samnitium

216 848 422 895 exercitus,
455 849 557 888 velut
585 849 689 888 haud
719 848 795 888 ulla
816 860 927 887 mora
949 860 1104 899 pugnae
1125 850 1255 887 futura
1277 853 1392 896 esset,
1426 848 1547 887 aciem
1570 848 1634 888 in-

216 905 355 952 struit3
377 905 533 951 deinde,
556 911 763 957 postquam
786 917 902 943 nemo
921 905 1058 944 obvius
1077 904 1170 951 ibat,
1195 905 1345 945 infestis
1364 905 1485 956 signis
1502 905 1549 945 ad
1569 919 1632 946 ca-

168 970 187 1002 8
218 968 298 1002 stra
320 962 491 1002 hostium
514 963 700 1002 suc-cedit.
741 962 794 1001 ihi
816 968 859 1002 ut
880 962 1044 1001 militem
1068 962 1105 1001 in
1128 962 1224 1001 vallo
1246 963 1352 1007 vidit,
1375 962 1565 1014 missique
1587 963 1634 1003 ab

213 1019 322 1059 omni
343 1025 450 1071 parte
472 1020 728 1071 exploratum,
761 1032 879 1070 quam
910 1020 949 1059 in
976 1019 1159 1070 exiguum
1183 1019 1319 1058 orbem
1349 1025 1545 1059 contracta
1569 1033 1632 1060 ca-

167 1086 187 1118 9
217 1081 295 1116 stra
314 1082 458 1124 essent,
476 1076 714 1128 paucitatem
732 1076 822 1116 inde
840 1076 1015 1116 hostium
1033 1077 1270 1128 colligentes,
1288 1077 1540 1124 rettulerunt,
1554 1080 1634 1117 fre-

215 1146 320 1173 mere
342 1134 472 1173 omnis
494 1134 595 1173 acies
619 1134 855 1185 conplendas
879 1146 964 1172 esse
985 1133 1108 1173 fossas
1132 1134 1471 1186 scindendumque
1493 1134 1633 1175 vallum

212 1196 249 1230 et
271 1190 310 1230 in
333 1197 456 1231 castra
478 1191 812 1242 i1n·umpendu1n;
836 1196 1159 1243 transactumque
1181 1204 1224 1230 ea
1245 1192 1466 1232 temeritate
1487 1191 1640 1239 bellum,

145 1259 186 1292 10
214 1250 326 1295 foret,
358 1248 398 1287 ni
421 1249 540 1288 duces
563 1248 856 1287 continuissent
886 1249 1078 1300 impetum
1101 1248 1282 1287 militum.
1326 1255 1514 1296 ceterum,
1544 1249 1633 1301 quia

216 1304 427 1345 multitudo
451 1318 519 1345 sua
543 1305 825 1345 commeatibus
848 1306 984 1357 gravis,
1009 1311 1048 1344 et
1067 1305 1175 1357 prius
1197 1306 1370 1349 sedendo
1394 1306 1441 1345 ad
1459 1306 1632 1346 Suessu-

216 1361 293 1400 lam
315 1367 353 1401 et
372 1367 459 1402 tum
471 1362 694 1402 certaminis
704 1375 826 1409 mora,
848 1363 952 1402 haud
965 1362 1101 1415 procul
1111 1363 1157 1402 ab
1168 1375 1301 1402 rerum
1312 1363 1490 1402 omnium
1502 1363 1632 1416 inopia

216 1424 332 1465 esset,
351 1419 508 1472 placuit,
520 1420 615 1459 dum
632 1419 807 1460 inclusus
817 1425 974 1471 paveret
983 1419 1118 1467 hostis,
1136 1420 1423 1460 frumentatum
1441 1433 1510 1473 per
1519 1433 1632 1472 agros

216 1475 381 1517 militem
405 1476 516 1517 duci:
538 1476 696 1517 interim
718 1482 755 1517 et
773 1477 962 1526 Romano,
986 1477 1053 1530 qui
1077 1477 1281 1529 expeditus
1303 1482 1495 1530 quantum
1518 1491 1630 1518 ume-

213 1601 268 1641 47,
286 1601 316 1633 8.
334 1620 378 1626 -—-
395 1602 549 1644 indicem,
566 1602 587 1645 ξ
606 1602 642 1643 23
661 1602 692 1641 9,
711 1602 764 1644 23,
787 1603 836 1635 14.

259 1647 358 1680 4-6.
388 1647 537 1681 Sues-cul.
556 1648 725 1680 zwischen
743 1648 830 1680 Nola
849 1659 881 1680 u.

213 1694 322 1737 Capua
349 1704 399 1726 am
417 1694 568 1736 Eingang
591 1694 624 1725 in
650 1694 704 1726 die
727 1694 884 1726 Caudini-

213 1740 312 1771 schen
332 1739 444 1773 Piisse.
462 1758 507 1763 —
524 1751 643 1782 qua—
656 1743 790 1772 certam.
810 1740 882 1783 alt„

212 1785 281 1826 vgl.
298 1785 351 1826 34,
375 1786 425 1826 17,
444 1787 480 1818 3:
494 1785 660 1828 proelium
674 1785 798 1818 nullius
809 1786 881 1828 fer-

213 1841 265 1862 me
274 1832 567 1873 certamz'm'sfuz't3
577 1832 631 1871 21,
641 1832 695 1873 60,
707 1832 723 1863 7
733 1842 796 1863 u.a.
808 1843 815 1872 ς
826 1832 879 1873 31,

216 1877 269 1917 43,
281 1876 299 1907 2
311 1888 318 1908 :
331 1887 558 1920 aequapugna
568 1878 655 1908 msto
666 1877 809 1920 proelio:
826 1878 880 1909 die

210 1921 363 1963 Haufung
377 1922 600 1955 derAblative
612 1922 675 1954 wie
691 1933 718 1954 c.
729 1922 806 1962 7,8;
826 1923 879 1965 32,

213 1967 248 2006 13
274 1967 328 2008 37,
348 1968 401 2009 19,
421 1969 438 2000 7
457 1979 488 2000 ιι.
507 1978 537 2000 a.
560 1987 604 1991 —-
627 1967 814 2009 Valerium,
840 1967 876 2000 L.

210 2013 341 2045 scheint
364 2014 418 2045 ihn
445 2014 527 2045 noch
546 2014 578 2045 in
597 2014 708 2046 seiner
726 2013 879 2055 Stellung

208 2068 259 2090 ain
287 2056 421 2091 Gaurus
446 2070 488 2091 zu
511 2059 653 2091 denken.
682 2078 725 2082 —
754 2059 879 2103 inpedi-

208 2105 330 2135 mentis
348 2110 425 2146 etc.,
445 2105 484 2136 da
502 2105 554 2136 die
568 2105 805 2137 Abziehenden
825 2105 877 2137 ein

208 2148 318 2189 Lager
346 2149 573 2191 aufschlagem
606 2151 677 2182 also
706 2151 763 2182 das
793 2151 876 2182 dazu

209 2194 341 2235 n'o'thige
368 2195 503 2237 Gepiick
532 2197 592 2228 mit
623 2196 696 2228 sich
727 2196 876 2236 nehmen,

207 2241 271 2271 und
301 2240 487 2282 iibcrhaupt
520 2242 612 2274 nicht
644 2241 789 2273 deutlich
820 2241 876 2284 ist,

209 2296 276 2317 was
296 2285 349 2317 die
367 2286 592 2329 inpedimenta
609 2290 793 2319 castrorum
809 2288 876 2319 sei-

207 2341 258 2371 en,
277 2342 312 2362 so
332 2331 377 2363 ist
395 2332 459 2363 wol
477 2335 509 2363 et
524 2333 605 2364 oder
619 2344 667 2374 (ιο,
686 2334 768 2365 nach
782 2334 875 2366 Mad-

206 2376 264 2417 vig
281 2387 354 2408 cum
375 2376 592 2417 ausgefallen.
608 2398 650 2401 —
668 2381 788 2422 raptim
804 2390 875 2421 ag„

206 2424 237 2463 6,
256 2421 309 2463 28,
331 2423 362 2455 2.
391 2441 434 2446 -—-
460 2423 577 2466 procul
598 2425 648 2461 ab,
671 2424 708 2457 L.
734 2425 874 2456 braucht

204 2468 322 2511 procul
343 2469 450 2500 sowol
473 2468 507 2500 in
538 2469 754 2509 riiumlichen,
773 2481 799 2502 s.
819 2471 873 2512 27,

209 2514 238 2554 1,
256 2512 287 2554 3,
312 2514 363 2546 als
387 2514 421 2545 in
447 2515 592 2547 anderen
617 2516 871 2548 Verh'ziltnissen

205 2559 282 2590 bald
296 2560 357 2591 mit
373 2559 450 2592 bald
469 2561 552 2592 ohne
569 2561 622 2602 ab,
640 2561 706 2602 vgl.
725 2560 746 2602 ξ
768 2564 824 2601 10;
843 2573 870 2593 c.

206 2605 236 2646 5,
254 2604 420 2648 9314,5;
446 2605 559 2647 39,12
580 2618 608 2638 u.
627 2617 655 2638 a.
683 2625 726 2630 —
748 2610 868 2639 cetero-

957 1613 1045 1644 rum,
1069 1612 1164 1635 wenn
1188 1601 1224 1636 L.
1249 1602 1301 1634 die
1319 1600 1438 1635 Pferde
1464 1603 1556 1636 nicht
1585 1616 1627 1637 zu

956 1649 1016 1681 den
1035 1650 1185 1680 ιἰιιηθηία
1201 1649 1350 1689 rechnet,
1374 1659 1401 1680 s.
1420 1647 1513 1682 Caes.
1532 1650 1567 1682 B.
1588 1650 1623 1683 C.

956 1694 987 1736 3,
1005 1695 1060 1736 49,
1078 1705 1167 1726 muss
1181 1697 1319 1727 ceteror.
1334 1694 1399 1726 wie
1417 1695 1468 1735 10,
1485 1695 1514 1737 S,
1534 1696 1552 1727 4
1567 1706 1625 1738 ge-

958 1751 1106 1772 nommen
1125 1741 1271 1774 werden.

1002 1809 1123 1842 8—10.
1150 1810 1191 1841 ab
1209 1820 1236 1841 ο.
1253 1811 1352 1852 parte
1370 1809 1488 1851 geho'rt
1505 1821 1546 1842 zu
1563 1815 1626 1844 ret-

955 1855 1114 1893 tulerunt,
1142 1866 1183 1886 zu
1206 1856 1304 1886 ἰηἱεεί
1321 1855 1408 1886 kann
1427 1855 1548 1889 daraus
1567 1867 1624 1898 ge-

955 1910 1104 1932 nommen
1132 1901 1283 1932 werden:
1309 1902 1342 1931 ἰη
1369 1911 1484 1933 omnes
1498 1905 1624 1944 partes.

954 1965 995 1968 —
1010 1956 1108 1987 quam
1125 1948 1169 1987 ιἠ,
1187 1956 1214 1978 c.
1234 1946 1265 1987 2,
1288 1946 1344 1978 13:
1363 1957 1462 1988 quam
1476 1948 1535 1986 ab3
1554 1947 1621 1980 Cic.

952 1990 1025 2023 Fin.
1041 1992 1071 2032 5,
1090 1992 1121 2033 9,
1141 1991 1199 2023 26:
1219 2002 1317 2033 quam
1336 1992 1369 2022 ἰη
1384 1994 1624 2035 optimo—sta-

953 2040 1000 2077 tu,
1019 2047 1045 2068 c.
1065 2037 1096 2076 8,
1114 2037 1144 2069 4.
1169 2055 1205 2059 —
1223 2036 1419 2079 colleg-entes,
1444 2038 1553 2070 indem
1572 2039 1621 2071 sie

952 2083 1075 2114 daraus
1090 2082 1272 2122 schlossen,
1284 2083 1349 2114 und
1363 2083 1456 2115 diese
1472 2083 1543 2116 ihre
1552 2084 1621 2116 An-

951 2128 1039 2159 sicht
1057 2128 1210 2168 zugleich
1228 2128 1444 2161 mittheilten.
1463 2147 1507 2152 —
1532 2132 1620 2162 sein-

951 2173 1047 2205 deud.
1068 2173 1151 2215 vall„
1172 2175 1202 2214 4,
1221 2174 1275 2214 29,
1295 2174 1333 2211 33
1360 2175 1454 2207 Caes.
1474 2175 1506 2207 Β.
1528 2174 1567 2208 G.
1587 2177 1619 2218 3,

951 2220 981 2259 5,
1001 2219 1067 2259 vgl.
1086 2218 1165 2251 Tac.
1181 2220 1264 2251 Ann.
1285 2221 1311 2259 l,
1330 2221 1435 2252 50.—
1449 2225 1617 2255 commeat.

945 2274 1057 2306 grain,
1075 2264 1180 2306 liistig
1198 2263 1250 2296 ffir
1268 2265 1330 2296 den
1348 2264 1536 2309 Unterhalt‚
1555 2268 1617 2299 den

949 2309 1253 2341 hei-beizuschaffen
1287 2310 1417 2343 schwer
1449 2322 1543 2352 war,
1577 2313 1616 2345 da

949 2366 1021 2387 inan
1040 2355 1167 2387 bereits
1186 2355 1282 2388 Alles
1301 2355 1496 2398 aufgezehrt
1512 2358 1615 2391 hatte.

947 2419 989 2424 -—
1008 2401 1160 2443 sedendo,
1180 2401 1210 2443 2,
1234 2401 1283 2443 12,
1306 2404 1332 2434 1.

996 2471 1135 2504 11—13.
1155 2472 1281 2503 wnerz's
1290 2470 1494 2512 etc.,Marius
1505 2473 1615 2504 mach-

945 2522 977 2549 te
996 2516 1048 2549 die
1065 2517 1299 2557 Einrichtung,
1323 2516 1399 2549 dass
1423 2517 1476 2548 die
1494 2518 1612 2550 Solda-

944 2567 999 2594 ten
1019 2563 1076 2594 das
1097 2561 1231 2605 Gepiick
1249 2572 1289 2594 an
1308 2561 1401 2594 einer
1418 2563 1541 2604 Stange
1555 2563 1615 2595 auf

941 2608 1000 2640 der
1017 2608 1172 2641 Schulter
1189 2613 1328 2648 trugen3
1350 2619 1411 2640 zur
1423 2609 1528 2641 Sache
1543 2609 1608 2650 vgl.
