1763 2983
121 123 144 140 a.
167 114 217 140 Ch.
240 116 298 139 358.

617 112 739 145 LIBER
766 113 834 147 Vll.
875 115 970 148 CAP.
1006 119 1054 150 13.
1467 123 1544 176 1ἱ19

125 216 222 254 (16115
244 215 411 255 militum
433 228 571 268 agmen
593 217 637 255 ad
659 215 827 255 tribunal
851 219 987 269 pergit,
1012 220 1244 272 mirantique
1269 221 1437 273 Sulpicio
1462 234 1541 261 non

125 273 279 312 turbam
308 273 428 324 magis
456 286 573 325 quam
602 272 738 312 turbae
766 274 981 325 principem
1003 276 1193 323 Tullium,
1225 278 1396 330 imperiis
1418 279 1540 318 oboe-

125 329 412 369 dientissimum
429 330 611 369 militem:
635 329 819 376 „scilicet,
843 330 1049 379 dictator,“
1067 334 1193 386 inquit
1212 335 1539 381 „condemnatum
1573 348 1591 378 3

125 399 166 425 56
195 385 397 426 universus
427 387 618 426 exercitus
649 398 669 424 a
696 391 734 425 te
766 387 939 437 ignaviae
973 394 1079 428 ratus
1102 396 1140 429 et
1160 403 1281 442 prope
1303 392 1544 443 ignominiae

124 455 238 482 causa
259 443 488 483 destitutum
510 444 594 483 sine
616 443 734 482 armis
757 443 879 482 oravit
901 457 984 489 me,
1007 451 1049 484 ut
1071 460 1182 486 suam
1204 460 1362 487 causam
1384 450 1488 500 apud
1513 453 1546 488 te

124 511 290 551 agerem.
328 501 521 552 equidem,
544 500 665 539 sicubi
682 500 766 539 loco
784 512 950 546 cessum,
973 501 1004 540 si
1020 507 1125 553 terga
1145 504 1231 543 data
1247 505 1363 551 hosti,
1384 505 1416 544 si
1432 505 1542 557 signa
1573 513 1593 544 4

124 556 234 596 foede
256 557 397 596 amissa
419 557 518 597 obici
539 557 648 596 nobis
668 561 849 607 possent,
883 562 1015 597 tamen
1044 559 1118 598 hoc
1147 572 1166 597 a
1198 566 1233 599 [6
1255 561 1456 613 impetrari
1477 574 1544 601 ae-

125 626 246 665 quum
275 626 485 660 censerem,
507 619 550 654 ut
572 626 644 654 nos
666 613 806 653 virtute
824 614 976 665 culpam
993 620 1166 654 nostran]
1185 618 1376 669 corrigere
1394 624 1433 657 et
1447 619 1542 658 abo-

125 671 203 710 lere
232 670 361 722 flagitii
391 672 621 711 memoriam
657 682 756 710 nova
790 671 909 722 gloria
943 672 1143 722 patereris.
1190 673 1307 712 etiam
1344 675 1389 714 ad
1419 675 1541 714 Aliam
1572 685 1591 715 5

124 728 232 767 fusae
261 727 430 779 legiones
458 728 642 774 eandem,
673 739 788 779 quam
811 741 880 779 per
902 741 1085 779 pavorem
1115 729 1348 777 amiserant,
1379 731 1542 782 patriam

124 784 319 836 profectae
347 790 481 836 postea
502 798 523 824 a
543 785 630 824 Veis
652 784 793 823 virtute
815 797 1104 836 recuperavere.
1148 786 1261 824 nobis
1291 786 1408 826 deum
1431 787 1544 827 beni-

124 841 280 892 gnitate,
304 841 482 882 felicitate
498 847 565 881 tua
582 841 793 893 populique
810 842 977 881 Romani
994 848 1032 881 et
1040 854 1100 881 res
1113 847 1152 881 et
1160 842 1277 894 gloria
1290 848 1350 882 est
1367 844 1541 895 integra:

125 911 361 950 quamquam
383 899 430 937 (16
451 899 569 951 gloria
590 899 651 937 vix
674 898 801 937 dicere
821 898 966 943 ausim,
997 900 1028 938 si
1051 911 1122 938 nos
1145 903 1182 937 et
1202 899 1335 939 hostes
1356 900 1459 939 haud
1479 913 1543 940 se-
1572 906 1591 936 6

124 968 192 994 cus
215 968 331 1006 quam
353 956 517 995 feminas
535 955 686 994 abditos
704 954 805 994 intra
825 955 966 994 vallum
984 955 1166 995 omnibus
1189 956 1439 995 contumeliis
1457 957 1541 996 elu-

125 1013 242 1056 dunt,
265 1017 300 1050 et
322 1018 367 1052 tu
388 1013 599 1065 imperator
621 1016 753 1051 noster
767 1043 775 1058 ,
799 1012 905 1063 quod
927 1013 1078 1063 aegrius
1100 1012 1291 1064 patimur,
1325 1013 1539 1052 exercitum

125 1075 236 1108 tuum
265 1069 348 1108 sine
379 1070 539 1115 animis,
572 1069 654 1108 sine
684 1068 819 1115 armis,
861 1069 944 1107 sine
973 1069 1151 1108 manibus
1181 1069 1326 1110 iudicas
1358 1083 1466 1117 esse,
1506 1075 1544 1109 et

125 1125 349 1177 priusquam
367 1132 548 1178 expertus
565 1138 636 1164 nos
657 1137 772 1171 esses,
797 1126 843 1164 de
865 1126 976 1165 nobis
994 1126 1043 1165 ita
1061 1126 1288 1177 desperasti,
1311 1130 1354 1166 ut
1368 1131 1407 1165 te
1425 1138 1538 1165 man-

124 1194 259 1221 corum
281 1195 324 1221 ac
345 1183 683 1222 debiliumducem
706 1181 895 1221 iudicares
918 1195 1015 1221 esse.
1059 1182 1152 1234 quid
1188 1182 1292 1222 enim
1322 1183 1424 1222 aliud
1445 1195 1530 1222 esse
1571 1195 1587 1225 7

129 1251 264 1278 causae
285 1239 506 1286 credamus,
529 1252 597 1278 cur
618 1243 823 1278 veteranus
844 1239 932 1285 dux,
954 1239 1192 1279 fortissimus
1214 1240 1332 1287 hello,
1355 1251 1542 1291 conpres-

130 1296 194 1339 sis,
225 1296 327 1346 quod
348 1297 472 1343 aiunt,
506 1296 684 1335 manibus
706 1293 872 1334 sedeas?
898 1300 1111 1348 utcumque
1142 1296 1245 1335 enim
1267 1310 1307 1335 se
1329 1297 1445 1336 hahet
1466 1309 1541 1343 res,

129 1358 164 1391 te
188 1352 232 1390 (16
255 1357 386 1392 nostra
407 1353 548 1392 virtute
570 1352 766 1391 dubitasse
788 1352 907 1391 videri
929 1365 1043 1403 quam
1066 1365 1138 1392 nos
1166 1353 1212 1392 de
1233 1358 1300 1392 tua
1321 1354 1449 1392 verius
1470 1358 1542 1392 est.

127 1409 186 1447 sin
207 1414 336 1447 autem
358 1421 437 1448 non
458 1414 569 1448 tuum
592 1409 708 1455 istuc,
738 1409 801 1448 sed
824 1409 1021 1460 publicum
1043 1415 1101 1449 est
1122 1409 1348 1456 consilium,
1377 1415 1414 1449 et
1436 1422 1532 1449 con-
1560 1416 1578 1447 8

127 1476 264 1504 sensus
286 1466 400 1517 aliqui
422 1471 596 1517 patrum,
627 1478 707 1505 non
729 1465 914 1505 Gallicum
938 1467 1084 1506 bellum
1112 1478 1184 1505 nos
1212 1467 1259 1506 ab
1286 1466 1401 1513 urbe,
1431 1480 1451 1506 a
1472 1480 1542 1518 pe-

126 1522 277 1561 natibus
299 1523 441 1562 nostris
463 1523 656 1574 ablegatos
678 1527 796 1569 tenet,
820 1536 975 1574 quaeso,
999 1528 1042 1562 ut
1063 1537 1118 1569 ea,
1143 1535 1241 1575 quae
1258 1523 1396 1570 dicam,
1418 1535 1498 1563 non
1520 1537 1540 1563 a

127 1579 309 1618 militibus
331 1580 555 1631 imperatori
577 1580 676 1618 dicta
699 1592 868 1624 censeas,
893 1580 959 1618 sed
981 1593 1001 1618 a
1023 1580 1134 1631 plebe
1157 1579 1340 1631 patribus,
1364 1603 1417 1608 —
1440 1593 1539 1631 quae

124 1638 165 1677 si,
188 1636 286 1675 sicut
307 1649 372 1675 vos
394 1642 520 1676 vestra
548 1636 720 1676 habeatis
743 1636 919 1681 consilia,
943 1636 997 1675 sic
1017 1649 1057 1675 se
1081 1648 1149 1675 sua
1176 1636 1396 1675 habituram
1424 1637 1537 1677 dicat.

132 1764 201 1795 rier
219 1763 362 1804 gemeint
381 1764 436 1804 ist,
455 1764 547 1805 zeigt
563 1766 639 1795 lam.
666 1783 708 1787 -—
736 1766 796 1796 tre*—

133 1808 286 1848 b1mal,c.
308 1809 359 1849 12,
382 1810 436 1850 143
456 1810 485 1848 S,
505 1809 557 1849 32,
576 1809 606 1842 2.

177 1854 272 1886 3-7.
311 1854 444 1896 scilieet,
472 1865 506 1886 es
537 1854 688 1887 versteht
713 1855 796 1895 51011,

130 1901 205 1931 dass
224 1899 277 1931 1011
290 1900 379 1932 nicht
393 1911 450 1932 aus
466 1900 616 1941 eigenem
634 1900 795 1931 Antriebe

129 1956 165 1977 so
183 1944 338 1987 auftrete,
361 1946 417 1977 (las
442 1945 528 1977 Heer
552 1958 581 1977 u.
607 1957 632 1978 5.
651 1956 714 1986 ηπ,
739 1945 797 1977 mit

130 1990 307 2023 Riicksicht
331 2002 358 2022 c.
383 1991 431 2031 14,
457 1992 491 2022 2:
516 2003 555 2023 ne
571 2003 604 2023 se
622 1996 704 2029 etc.;
728 1992 797 2023 An-

130 2037 208 2068 dere
225 2036 316 2068 lesen
343 2036 460 2068 silicet
483 2037 547 2069 wie
566 2037 597 2078 3,
617 2037 668 2076 71,
688 2036 717 2076 3,
745 2047 795 2067 wo

130 2081 209 2113 aher
227 2081 276 2112 ein
293 2092 356 2113 von
373 2082 447 2114 lieet
464 2082 669 2123 abh‘angiger
686 2081 796 2113 Infini-

130 2126 178 2158 tiv
196 2125 298 2168 folgt,
325 2127 376 2158 die
400 2128 629 2167 gew'ohnliche
648 2126 797 2159 1111111011-

132 2170 340 2204 keitsformel
370 2183 439 2204 war
468 2173 582 2205 licetne
614 2173 694 2204 oder
723 2172 797 2204 lieet

131 2217 181 2248 als
199 2216 317 2258 Frage.
337 2236 378 2239 —
402 2217 560 2259 (lestitul.,
590 2219 638 2258 10,
658 2218 688 2257 4,
707 2219 738 2250 4.
756 2237 797 2240 —

130 2263 236 2294 sicubi
258 2267 331 2302 ete,
357 2262 552 2305 Gradatiou,
579 2275 604 2295 5.
632 2264 660 2303 2,
688 2264 740 2303 59,
765 2263 794 2295 9.

132 2326 173 2330 -
198 2307 262 2339 loeo
287 2319 379 2347 cess,
405 2309 438 2340 in
468 2310 526 2341 der
550 2309 705 2341 Sehlacht
735 2310 795 2340 den

132 2354 385 2393 angewiesenen
401 2353 520 2387 Posten
539 2355 724 2395 verlassen,
744 2355 796 2395 25,

133 2400 164 2437 6,
193 2398 270 2431 llff.
301 2418 342 2421 ——
372 2401 492 2440 ausim,
522 2410 547 2431 s.
576 2399 677 2443 praef.
699 2401 726 2432 1.
752 2419 795 2423 —

133 2443 277 2485 eludunt,
295 2445 484 2477 verho'huen
499 2444 627 2486 diirfen,
647 2448 674 2485 1,
693 2446 747 2486 48,
767 2446 796 2476 2.

133 2507 175 2511 —
192 2500 386 2522 vmncorztm
403 2506 443 2516 =
463 2493 533 2523 sine
548 2492 703 2522 manibus
715 2503 726 2529 ,·
743 2491 797 2522 (le-

133 2534 255 2575 ln‘lium,
278 2534 458 2577 lnvahden,
488 2537 729 2568 nnbrauchbnr.
756 2556 795 2559 —

869 1765 1070 1807 compressis
1094 1768 1172 1803 etc.,
1201 1763 1254 1795 die
1280 1762 1392 1794 H‘zinde
1421 1763 1452 1794 in
1477 1763 1540 1795 den

871 1809 1014 1841 Schooss
1033 1809 1163 1850 legend.

916 1856 1037 1888 8—11.
1065 1856 1117 1885 ιςίη
1136 1855 1217 1886 weil
1234 1853 1317 1885 auch
1336 1853 1378 1884 im
1392 1853 1540 1887 Vorher-

870 1902 941 1941 geh.
961 1901 1034 1932 eine
1061 1899 1231 1931 Annahme
1257 1900 1459 1940 angedeutet
1485 1899 1539 1931 ist.

869 1945 1045 1989 —publz'e.
1065 1956 1167 1985 cons,
1193 1944 1347 1977 dasselbe
1372 1944 1436 1976 wie
1464 1955 1539 1976 con-

869 2002 986 2023 sensus
996 1992 1148 2033 patrum,
1163 1991 1289 2022 welche
1303 1990 1354 2022 die
1370 1990 1466 2022 Plebs
1481 2000 1540 2022 aus

870 2037 928 2068 der
947 2037 1043 2070 stadt
1061 2035 1234 2068 entfernen
1251 2035 1385 2075 wellen,
1403 2034 1471 2076 s.3,
1489 2037 1538 2073 10,

870 2082 907 2119 93
940 2082 1033 2115 viell.
1060 2082 1093 2113 in
1112 2082 1221 2122 Bezug
1246 2080 1305 2113 auf
1325 2092 1352 2112 c.
1375 2081 1425 2121 12,
1442 2081 1473 2112 4.
1498 2099 1541 2103 —

869 2127 984 2170 aliqui,
1012 2138 1037 2159 5.
1058 2128 1088 2166 4,
1114 2127 1167 2168 35,
1193 2127 1230 2158 9:
1255 2126 1361 2167 aliqui
1377 2125 1540 2169 plebeia-53

871 2174 900 2212 3,
924 2175 971 2212 17,
991 2174 1124 2212 7.—sl,
1138 2174 1235 2211 sieut,
1254 2172 1285 2202 in
1303 2172 1363 2203 (1611
1374 2170 1542 2203 Hss.fehlt

870 2220 909 2259 si,
927 2231 953 2251 s.
974 2219 1027 2257 22,
1051 2218 1104 2255 60,
1128 2218 1186 2255 113
1211 2215 1347 2257 Madvig
1370 2218 1426 2248 hat
1443 2218 1481 2254 sz',
1507 2218 1542 2247 ul

871 2263 1149 2306 vorgesehlagen,
1168 2262 1246 2294 weil
1262 2263 1345 2293 ohne
1362 2264 1394 2293 si
1409 2261 1462 2292 die
1477 2260 1541 2292 Αο-

871 2320 939 2342 0115.
959 2322 985 2342 0.
1005 2306 1060 2341 inf.
1080 2308 1199 2340 millies
1223 2318 1283 2340 nos
1305 2318 1378 2339 esse
1402 2311 1465 2338 etc.
1485 2316 1540 2346 ge-

871 2365 932 2395 gen
967 2356 1028 2387 den
1070 2354 1320 2395 gewo'bnlichen
1354 2351 1540 2391 Gebrauch,

871 2402 932 2432 den
947 2399 1068 2442 jedoch
1084 2399 1121 2431 L.
1142 2399 1315 2431 bisweilen
1334 2397 1494 2437 verliisst,
1512 2407 1538 2428 s.

871 2447 924 2488 43,
937 2447 988 2485 22,
1003 2446 1020 2476 2
1039 2447 1183 2487 eoepecto,
1197 2455 1260 2475 von
1279 2445 1469 2475 succenseat
1483 2441 1540 2472 ab·

870 2493 999 2532 haugen
1016 2491 1079 2522 und
1100 2490 1152 2522 bei
1170 2500 1230 2521 nos
1247 2500 1317 2520 esse
1334 2489 1386 2519 die
1405 2487 1538 2518 Andeu-

872 2543 953 2577 tung
986 2538 1043 2568 des
1076 2535 1230 2568 Wollons
1265 2533 1372 2565 fehlen
1407 2531 1536 2570 wiirde3
