1763 2983
107 194 130 212 a.
151 184 201 210 eh.
222 182 280 211 3212
604 181 728 214 Lmen
754 180 813 214 lx.
852 181 944 214 cAr.
971 183 1002 215 6.
1432 178 1509 219 281

109 287 160 325 ita
189 283 422 338 ignominiae
454 285 648 328 obiectus,
680 290 765 323 tum
802 285 983 336 deinceps
1012 284 1183 335 singulae
1205 285 1389 336 legiones.
1445 283 1520 322 cir—
1549 290 1567 321 2

108 343 356 383 cumstabant
370 342 508 382 armati
524 343 658 381 hostes
669 340 951 392 exprobrantes
963 342 1262 393 eludentesque3
1282 341 1395 393 gladii
1405 340 1519 380 etiam

107 400 301 451 plerisque
322 399 515 446 intentati,
539 402 577 437 et
587 397 945 449 vulneratiquidam
959 398 1176 449 necatique,
1200 399 1368 438 sivultus
1382 410 1518 437 eorum

107 456 336 507 indignitate
363 468 495 496 rerum
524 455 648 494 acrior
671 454 855 493 victorem
887 455 1125 494 offendisset.
1174 455 1222 494 ita
1254 455 1421 494 traducti
1448 453 1520 493 sub
1549 460 1568 491 3

108 513 242 564 iugum
271 518 320 559 et,
351 513 454 564 quod
477 524 599 564 paene
627 511 778 563 gravius
802 516 899 557 erat,
930 524 1000 562 per
1028 511 1200 550 hostium
1232 513 1365 551 oculos
1388 524 1478 550 cum
1500 524 1520 549 e

109 569 207 609 saltu
228 570 451 614 evasissent,
475 569 547 608 etsi
568 569 672 607 velut
691 568 738 607 ab
760 568 893 606 inferis
916 568 1075 606 extracti
1096 574 1180 606 tum
1199 570 1371 619 primum
1394 570 1521 607 lucem

109 625 280 677 aspicere
303 626 372 664 visi
394 631 498 672 sunt,
521 631 653 664 tamen
676 625 757 676 ipsa
778 625 843 664 lux
860 624 910 662 ita
928 625 1101 663 deforme
1118 623 1362 664 intuentibus
1380 636 1520 676 agmen

108 682 217 721 omni
239 687 364 721 morte
381 683 528 722 tristior
547 682 632 720 fuit.
673 681 801 732 itaque
831 693 920 720 cum
942 685 1030 720 ante
1052 686 1207 719 noctem
1232 682 1402 732 Capuam
1430 694 1520 732 per-
1549 687 1569 718 4

109 738 239 792 venire
262 745 443 791 possent,
473 738 612 778 incerti
634 738 681 777 de
704 738 779 776 fide
801 739 997 777 sociorum
1020 743 1059 776 et
1081 738 1185 788 quod
1207 738 1335 789 pudor
1358 750 1521 789 praepe-

109 795 247 843 diebat,
280 796 378 835 cirea
410 797 510 835 viam
540 795 643 834 haud
675 796 811 846 procul
842 795 971 846 Capua
1001 795 1175 833 omnium
1211 807 1331 845 egena
1362 806 1523 845 corpora

108 852 219 892 humi
254 858 559 903 prostraverunt.
607 852 710 903 quod
742 853 809 891 uhi
840 857 898 891 est
919 852 1087 902 Capuam
1110 852 1350 897 nuntiatum,
1381 850 1524 890 evincit
1552 861 1570 891 5

110 909 305 948 miseratio
327 910 428 949 iusta
449 910 648 949 sociorum
671 909 892 960 superbiam
925 909 1138 959 ingenitam
1161 908 1379 960 Campanis.
1427 920 1522 946 con-
1552 920 1571 949 e

107 966 239 1005 festim
262 966 431 1017 insignia
451 979 520 1005 sua
541 965 767 1005 consulibus
788 966 912 1004 fasces
935 965 1110 1011 lictores,
1131 978 1239 1004 arma
1257 977 1392 1017 equos,
1409 964 1527 1003 vesti-

109 1027 243 1062 menta
264 1028 506 1062 commeatus
529 1022 716 1061 militibus
738 1022 903 1073 henigne
927 1022 1097 1068 mittunt,
1121 1027 1158 1060 et
1178 1021 1428 1061 venientibus
1450 1021 1522 1060 Ca·
1554 1032 1570 1061 7

108 1092 225 1131 puam
248 1085 412 1118 cunctus
435 1084 596 1119 senatus
618 1079 864 1130 populusque
886 1079 1039 1117 obviam
1062 1091 1239 1129 egressus
1262 1078 1373 1118 iustis
1397 1077 1525 1117 omni—

108 1136 181 1175 bus
202 1136 455 1187 hospitalibus
484 1136 721 1188 privatisque
748 1140 787 1174 et
817 1135 980 1186 publicis
1003 1136 1179 1186 fungitur
1207 1136 1355 1174 officiis.
1396 1147 1525 1186 neque
1555 1146 1573 1177 S

109 1192 181 1232 illis
204 1192 400 1232 sociorum
431 1193 593 1233 comitas
614 1193 822 1244 vultusque
850 1192 1009 1243 benigni
1031 1197 1067 1230 et
1088 1192 1267 1243 adloquia
1297 1204 1379 1232 non
1406 1192 1524 1231 modo

111 1260 334 1288 sermonem
356 1250 504 1295 elicere,
533 1249 602 1288 sed
624 1261 672 1287 ne
694 1254 737 1287 ut
760 1248 892 1288 oculos
916 1249 1072 1300 quidem
1096 1250 1316 1288 attollerent
1340 1254 1406 1288 aut
1428 1260 1525 1287 con-

109 1306 279 1345 solantes
301 1306 445 1345 amieos
467 1311 600 1345 contra
622 1305 872 1345 intuerentur
893 1305 1045 1344 efficere
1068 1311 1269 1356 poterant:
1295 1306 1389 1345 adeo
1408 1316 1527 1357 super
1554 1316 1573 1347 9

855 1430 926 1461 τας,
944 1418 1003 1451 καὶ
1028 1416 1179 1465 τροφήν,
1203 1415 1287 1464 ἔρχι
1313 1419 1372 1461 τῆς
1391 1412 1527 1463 Ῥώμης

855 1465 1048 1509 φέρεσθαι.
1078 1483 1120 1487 ——
1150 1466 1354 1508 superbiam,
1374 1466 1404 1506 7,
1424 1465 1476 1506 31,
1495 1465 1524 1496 6.

107 1421 199 1452 ribus
217 1421 661 1463 operimentis—concessis,
680 1420 713 1451 in
733 1420 781 1452 ei-

108 1475 169 1497 ner
185 1465 264 1498 Hds.
285 1464 369 1498 fehlt
384 1476 489 1508 prope
507 1465 601 1497 viell.
620 1465 712 1497 nicht
726 1465 782 1496 oh-

109 1520 148 1542 ne
168 1509 295 1551 Grund,
318 1511 357 1542 da
374 1510 412 1543 L.
430 1511 485 1543 die
503 1510 607 1542 Harte
631 1511 692 1542 der
710 1510 782 1543 Sie-

109 1565 168 1595 ger
184 1556 278 1587 mehr
296 1566 336 1587 zu
354 1556 501 1597 steigern
517 1555 569 1586 als
596 1567 637 1587 zu
654 1556 782 1587 schwa-

108 1601 189 1632 chen
208 1601 314 1633 sucht.
334 1620 376 1624 —-
394 1603 441 1633 z'ta
463 1603 591 1643 ignom.
617 1605 696 1642 etc.,
723 1602 783 1633 der

109 1645 420 1690 Begriffprooeimus
428 1647 474 1679 ist
482 1647 565 1678 auch
574 1657 646 1678 zum
655 1646 782 1689 Haupt-

111 1695 203 1723 satze
222 1702 263 1723 zu
278 1692 407 1724 ziehen.
437 1710 479 1715 —
511 1692 662 1733 περαίη,
681 1692 710 1733 3,
729 1693 782 1732 55,

112 1736 163 1768 13.
190 1754 236 1760 -
264 1736 478 1779 indignitate,
508 1736 561 1768 die
586 1736 783 1777 unwiirdige

110 1781 333 1823 Behandlung,
355 1784 383 1823 1,
404 1782 458 1823 34,
483 1782 511 1813 5.
531 1800 573 1804 ——
600 1792 672 1825 per,
698 1792 724 1814 s.
753 1782 783 1825 2,

112 1827 166 1869 38,
185 1827 214 1858 3.
248 1844 290 1850 -—-
318 1830 389 1860 tam
412 1837 476 1870 pr„
503 1827 593 1869 jetzt
612 1831 695 1868 erst,
713 1828 781 1869 vgl.

109 1872 164 1912 44,
184 1871 236 1911 34,
256 1871 342 1905 6.—
362 1874 424 1904 visi
439 1884 478 1913 s.,
493 1883 519 1904 s.
536 1872 564 1913 1,
583 1872 637 1913 31,
657 1872 781 1911 33111an

110 1917 231 1949 ko‘nnte
260 1919 327 1951 siba·
342 1920 405 1950 visi
419 1929 446 1950 s.
465 1921 643 1950 erwarten.
662 1937 705 1941 ——
736 1921 783 1950 ita

109 1962 194 2005 defi,
212 1962 245 1994 in
264 1963 397 1996 solcher
409 1963 539 2004 Weise,
557 1973 593 1994 so
612 1963 700 2004 sehr,
718 1964 781 1995 wie

111 2018 146 2040 es
160 2008 251 2049 jetzt
270 2008 420 2042 sichtbar
437 2009 562 2040 wurde.

157 2054 256 2086 4-7.
298 2053 458 2097 Capuam,
485 2053 544 2085 auf
564 2054 623 2086 der
641 2065 668 2086 e.
689 2054 707 2085 2
725 2055 782 2086 be—

111 2098 305 2134 zeiehneten
321 2100 464 2132 Strasse.
475 2119 517 2122 -—
526 2100 783 2142 incerti——quod,

111 2155 136 2177 s,
156 2144 186 2184 7,
209 2145 259 2187 12,
283 2145 332 2180 11.
352 2163 394 2168 —-
412 2145 451 2177 de
465 2144 545 2186 fide,
564 2144 637 2176 eine
648 2145 783 2178 Andeu-

110 2195 192 2229 tung
200 2189 260 2223 der
273 2189 408 2230 Gefahr,
427 2191 458 2222 in
473 2190 620 2222 derRom
633 2191 783 2223 schweb-

111 2240 155 2275 te,
176 2245 272 2268 wenn
303 2235 409 2268 selbst
439 2246 479 2267 an
510 2236 569 2267 der
586 2234 696 2268 Treue
721 2236 782 2268 Ca—

111 2289 203 2323 puaS‚
231 2282 288 2314 das
312 2291 378 2312 von
407 2281 468 2312 den
493 2280 662 2316 Samniten
686 2281 782 2314 Alles

112 2336 154 2357 zu
170 2324 323 2360 fiirchten
348 2327 450 2365 hatte,
481 2325 673 2366 gezweifelt
695 2337 783 2359 wer-

112 2372 173 2403 den
203 2372 344 2413 konnte,
375 2382 401 2403 s.
421 2371 518 2404 Nieb.
540 2370 576 2402 R.
597 2369 635 2402 G.
656 2371 685 2412 3,
705 2372 780 2404 254.

111 2434 154 2440 —-
176 2419 306 2459 socier„
334 2417 365 2458 8,
386 2417 437 2457 14,
461 2418 517 2457 1⁰3
544 2416 598 2456 23,
618 2418 649 2457 5,
666 2418 686 2448 4
704 2429 735 2449 u.
753 2427 782 2449 a.

111 2481 155 2485 —
171 2465 319 2494 omnium
340 2474 407 2504 eg„
426 2462 479 2493 die
493 2462 572 2503 jede
591 2461 699 2501 Pssege
716 2462 781 2494 und

114 2507 218 2547 Sorge
227 2508 434 2541 entbehrten.
461 2508 616 2548 Bag-egen
632 2512 707 2547 sagt
716 2507 784 2550 Ap-

115 2552 205 2594 pian:
241 2555 304 2585 καί
336 2564 412 2584 Tarte
445 2550 623 2595 ὑποζύγια
656 2551 785 2585 ἔδωκεν

116 2594 787 2644 1Πόντιος)αὑτοΐςἓςτοὺςάρρωστοῦν-

856 1529 897 1533 -Ᾰ
914 1510 1096 1550 confestim
1113 1514 1195 1552 ete,
1219 1510 1286 1551 vgl.
1305 1511 1368 1542 Dio
1386 1510 1408 1542 l.
1427 1510 1448 1542 l.
1475 1511 1524 1543 15.

854 1573 899 1578 —
926 1556 1012 1597 fasc.
1040 1555 1106 1586 liet.
1142 1559 1226 1597 etc.,
1256 1555 1526 1596 zweigliedriges

855 1600 1069 1643 Asyndeton:
1095 1600 1156 1632 den
1176 1600 1321 1632 Consuln
1349 1601 1422 1632 ihre
1443 1602 1525 1632 inse?—

851 1648 949 1687 gnz'a,
964 1656 1029 1677 von
1044 1646 1149 1677 denen
1165 1656 1227 1677 nur
1237 1645 1289 1677 die
1299 1646 1527 1687 wiehtigsten‚

856 1691 946 1723 nicht
975 1691 1033 1722 das
1060 1690 1341 1733 paludamentum
1364 1702 1397 1722 u.
1416 1701 1445 1723 a.
1472 1701 1527 1731 ge-

856 1740 959 1768 nannt
976 1736 1131 1776 werden,
1148 1747 1248 1769 arma
1264 1747 1325 1779 ess,
1344 1736 1394 1768 als
1409 1735 1529 1768 Solda-

854 1786 910 1813 ten
921 1793 928 1821 3
945 1783 1074 1813 vestim.
1083 1791 1180 1823 com,
1191 1782 1367 1823 allgemein
1376 1782 1528 1813 mensch—

855 1827 945 1860 liehe
968 1826 1249 1860 Bediirfnisse.—
1261 1828 1400 1869 benigne
1418 1826 1529 1859 reich-

854 1872 931 1905 lieh.
951 1890 993 1894 —
1010 1883 1076 1904 sen.
1093 1883 1183 1916 pop,
1203 1873 1233 1913 8,
1255 1873 1306 1913 14,
1328 1874 1387 1913 103
1408 1872 1462 1913 23,
1481 1871 1525 1903 2f.

856 1929 885 1949 n.
904 1929 933 1950 a.
965 1936 1006 1939 —
1038 1920 1139 1950 iustis
1154 1929 1182 1950 O.
1201 1919 1246 1959 Ιι.,
1275 1918 1340 1950 wie
1359 1918 1528 1959 z'ustasa—

853 1964 989 2002 nebda,-
1018 1962 1199 2005 militaria,
1229 1975 1257 1995 c.
1278 1965 1312 2005 S,
1334 1963 1374 2003 73
1402 1963 1455 2002 24,
1474 1963 1528 2003 48,

859 2009 896 2041 12
915 2020 947 2041 u.
966 2018 994 2039 a,
1013 2026 1058 2031 —
1079 2009 1432 2051 privabam—effici&
1455 2012 1529 2041 ent-

854 2054 924 2086 halt
944 2053 1041 2087 einen
1056 2054 1421 2095 stcigerndenZusatz:
1440 2054 1526 2085 alles

854 2110 925 2131 was
942 2100 992 2140 (so
1012 2110 1086 2140 eng,
1105 2101 1210 2132 durch
1227 2100 1282 2132 die
1297 2099 1432 2139 civitas,
1451 2109 1529 2131 ver-

854 2145 1018 2185 bundene)
1052 2145 1260 2177 Privatleute
1294 2146 1360 2176 und
1389 2144 1527 2176 Staaten

856 2191 1014 2223 einander
1028 2201 1067 2221 zu
1083 2191 1205 2222 leisten
1219 2190 1431 2232 verpssichtet
1445 2190 1529 2229 sind,

856 2246 924 2267 was
942 2236 1035 2267 mehr
1053 2236 1124 2268 sein
1156 2236 1242 2268 kann
1266 2236 1316 2268 als
1335 2235 1388 2267 die
1408 2235 1528 2267 Ptlieh-

855 2286 910 2313 ten
933 2282 991 2312 der
1018 2279 1346 2321 Gastfreundschaft,
1372 2292 1397 2312 s.
1429 2283 1456 2321 1,
1474 2281 1528 2317 45,

856 2328 892 2366 33
912 2326 994 2358 iiber
1005 2328 1212 2369 privatisque
1228 2330 1271 2367 et,
1294 2328 1321 2368 1,
1339 2326 1394 2367 43,
1411 2326 1440 2366 2,
1459 2326 1527 2364 vgl.

855 2373 876 2413 ς’
896 2372 924 2403 8.

901 2420 983 2449 23——1
994 2417 1020 2448 2.
1062 2427 1164 2458 neque
1174 2436 1211 2439 —
1223 2427 1288 2448 non
1317 2428 1407 2448 ms:
1416 2419 1527 2446 tamen

856 2462 1078 2494 non—morlo
1095 2472 1160 2493 mm
1180 2462 1313 2494 elle-ere.
1330 2481 1373 2484 -—
1391 2462 1525 2500 amicos,

856 2507 909 2539 die
955 2507 1093 2540 Manehe
1135 2512 1232 2540 unter
1279 2508 1341 2539 den
1375 2506 1527 2547 Campan.

856 2553 983 2595 hatten,
1009 2565 1031 2584 s.
1054 2553 1108 2595 23,
1133 2553 1163 2592 4,
1183 2554 1210 2584 7.
1242 2572 1273 2575 ψ
1312 2554 1427 2583 cantra
1453 2553 1528 2590 int„

863 2599 890 2641 1,
918 2599 969 2639 16,
989 2598 1019 2630 6.
1044 2618 1085 2621 —
1118 2608 1230 2641 super,
1261 2597 1290 2638 2,
1323 2597 1377 2638 27,
1410 2599 1457 2629 10.
1484 2614 1529 2619 —
