1763 2983
211 416 249 448 11
271 408 379 447 miles
409 406 649 458 prohibetur.

266 191 348 233 196

708 190 832 223 LIBER
858 190 968 222 XXII.
1000 190 1092 223 CAP.
1114 192 1164 225 19.
1183 192 1236 224 20.

1529 198 1554 216 a.
1574 198 1600 216 u.
1619 191 1686 217 537,

266 295 443 347 ptimque
464 293 595 332 omnia
615 304 876 344 praepropere
896 293 1045 344 agendo
1067 294 1231 332 militum
1248 299 1432 345 apparatu
1444 294 1595 333 nautica
1606 295 1684 334 mi-

267 351 424 390 nisteria
446 350 711 401 inpediuntur,
732 349 986 400 trepidatione
1008 356 1213 389 nautarum
1235 363 1370 402 capere
1390 356 1565 401 etaptare
1575 363 1683 390 arma

702 411 739 445 et
765 406 841 444 iam
863 407 1064 446 Romanus
1094 419 1175 446 non
1197 407 1533 458 adpropinquabat
1552 408 1684 455 modo,

271 464 338 504 sed
369 464 570 502 derexerat
598 462 710 501 etiam
742 462 782 501 in
818 475 990 514 pugnam
1012 476 1140 502 naveS.

1191 464 1320 514 itaque
1343 476 1424 502 non
1447 463 1493 502 ab
1515 464 1626 503 hoste
1648 470 1686 503 et

229 543 232 547 ›
270 521 417 572 proelio
440 520 560 571 magis
580 520 701 558 Poeni
720 532 837 570 quam
869 526 1024 559 suomet
1048 520 1121 571 ipsi
1151 521 1320 559 tumultu
1347 520 1487 559 turbati
1519 526 1555 559 et
1582 527 1684 560 tem-

211 585 249 616 12
270 583 371 629 ptata
392 577 521 615 verius
551 588 681 627 pugna
702 589 819 627 quam
842 577 934 615 inita
961 577 1001 615 in
1028 578 1159 628 fugam
1188 583 1410 616 averterunt
1430 577 1603 616 classem.
1648 584 1685 616 et

270 646 360 673 cum
383 633 534 672 adversi
551 633 674 671 amnis
696 645 739 672 os
758 633 833 672 lato
857 633 999 685 agmini
1023 639 1059 672 et
1072 639 1148 672 tam
1164 634 1293 672 multis
1309 634 1424 672 simul
1438 634 1682 673 venientibus

268 690 372 730 haud
395 703 487 729 sane
510 689 685 728 intrabile
707 696 818 737 esset,
840 691 880 728 in
896 691 984 729 litus
1008 691 1150 741 passim
1169 703 1286 729 naves
1302 698 1476 740 egerunt,
1491 695 1606 741 atque
1620 691 1681 729 alii

270 747 376 786 vadis
405 747 465 786 alii
494 747 595 785 sicco
622 746 733 785 litore
762 747 910 797 excepti
930 747 1069 797 partim
1098 747 1232 785 armati
1260 747 1400 798 partim
1430 747 1599 786 inermes
1634 747 1681 785 ad

269 805 497 843 instructam
520 816 589 854 per
611 804 699 842 litus
720 804 839 842 aciem
864 816 1027 842 suorum
1042 806 1268 854 perfugere;
1295 803 1392 842 duae
1408 808 1536 841 tamen
1557 803 1683 854 primo

194 867 251 908 20
271 873 468 900 concursu
490 866 619 911 captae
641 866 749 899 erant
768 860 936 898 Punicae
958 873 1087 906 naves,
1112 866 1294 911 quattuor
1317 872 1561 910 suppressae.
1601 861 1687 899 Ro-

271 918 387 964 mani,
418 928 655 968 quamquam
686 922 787 955 terra
816 917 987 955 hostium
1017 922 1115 963 erat,
1156 923 1419 967 armatamque
1450 917 1570 955 aciem
1604 922 1683 956 toto

269 980 505 1026 praetentam
521 974 561 1011 in
575 974 686 1012 litore
703 973 920 1020 cernebant,
942 973 1044 1011 haud
1069 979 1294 1012 cunctanter
1316 973 1479 1012 insecuti
1497 973 1685 1024 trepidam

230 1031 250 1062 2
269 1031 439 1070 hostium
462 1031 633 1076 classem,
656 1030 763 1068 navis
784 1030 923 1076 omnis,
947 1042 1044 1080 quae
1064 1042 1145 1068 non
1177 1036 1243 1068 aut
1262 1032 1528 1080 perfregerant
1551 1042 1687 1080 proras

268 1088 371 1126 litori
392 1087 524 1125 inlisas
546 1092 612 1124 aut
631 1087 778 1125 carinas
793 1086 957 1125 fixerant
971 1086 1089 1133 vadis,
1112 1087 1284 1137 religatas
1300 1086 1497 1137 puppibus
1512 1086 1552 1124 in
1567 1087 1688 1125 altum

268 1259 430 1295 iterentur,
459 1255 549 1286 Curt.
576 1257 606 1295 4,
637 1257 686 1295 18,
714 1256 750 1288 S:
784 1262 882 1287 evecta
906 1258 942 1287 in

269 1304 360 1334 aliud
373 1303 608 1343 quinqueremis
623 1304 703 1333 latus
722 1303 921 1333 invehebatur
931 1313 942 1339 ;

268 1347 368 1380 Gron.
403 1357 503 1379 verm.
536 1348 716 1379 evehuntur.
766 1346 872 1378 Ueber
896 1354 942 1379 te-

267 1400 386 1426 nemur
411 1411 452 1415 —
483 1399 582 1425 teneat
606 1403 630 1424 s.
654 1390 757 1433 praef.
783 1394 820 1426 6:
850 1395 941 1432 pati-

267 1446 381 1479 amur,
412 1438 493 1470 iiber
524 1438 575 1470 die
602 1438 792 1479 Bedeutung
815 1440 853 1478 2,
888 1440 942 1479 63,

269 1488 305 1525 73
332 1486 362 1525 3,
390 1486 420 1523 2,
452 1486 477 1517 l.
492 1503 533 1507 —
548 1487 725 1525 raptimque
748 1483 794 1515 ist
819 1495 859 1515 zu
873 1484 944 1516 dem

267 1531 368 1562 sehon
388 1531 490 1561 durch
501 1541 714 1569 praepropere
732 1529 939 1561 bestimmten

267 1579 388 1617 agendo
414 1574 646 1617 hinzugel‘iigt,
682 1575 749 1615 vgl.
784 1576 847 1616 37,
885 1577 940 1615 23,

271 1624 330 1656 10:
347 1623 514 1663 festinares
539 1625 603 1661 ipse
625 1632 837 1661 praepropere
851 1635 861 1661 ,-
887 1622 940 1660 31,

268 1670 330 1704 42,
373 1670 406 1700 1;
436 1678 652 1707 praepropera
686 1669 843 1707 celeritas,
882 1667 941 1697 da—

269 1723 372 1755 gegen
399 1713 481 1744 oben
507 1723 532 1744 c.
559 1714 589 1751 3,
610 1716 647 1745 5:
664 1713 822 1753 ferociter
838 1715 943 1744 omnia

267 1770 302 1791 ae
331 1770 542 1798 praepropere
572 1765 733 1794 acturum,
773 1758 835 1790 wie
861 1759 943 1789 auch

269 1816 298 1836 a.
322 1816 351 1836 u.
378 1804 425 1836 St.
453 1816 490 1836 ae
509 1816 620 1844 praep.
646 1814 747 1835 verm.
773 1804 876 1845 wird,
904 1802 942 1835 Η.

269 1851 343 1884 285.
377 1868 414 1873 -
439 1852 530 1883 milit.
556 1861 627 1890 app.
652 1854 725 1887 etc„
757 1860 782 1881 s.
805 1851 858 1889 29,
889 1851 943 1887 25,

269 1897 308 1936 9;
337 1895 427 1927 Curt.
447 1898 477 1935 4,
509 1898 558 1936 14,
590 1898 645 1929 ls:
665 1898 753 1928 miles
766 1898 944 1927 ministeria

269 1949 453 1981 nautarum,
480 1953 584 1973 remex
601 1944 710 1973 militis
735 1942 843 1981 officia
870 1948 944 1972 tur-

269 1989 380 2025 habam
411 1987 487 2018 Tae.
516 1987 553 2019 H.
590 1989 627 2026 4,
659 1989 698 2019 16
730 1991 834 2021 extu:
860 1986 942 2017 Ann.

272 2034 301 2073 2,
335 2034 386 2065 23.

319 2080 461 2111 11-12.
491 2084 518 2109 ct
534 2081 597 2109 iam
613 2082 688 2113 etc„
715 2088 739 2108 S.
762 2087 788 2108 c.
806 2081 836 2111 6,
856 2079 891 2109 5:
917 2084 943 2108 et

270 2127 331 2156 iam
357 2135 411 2155 nec
429 2141 472 2145 —
490 2134 553 2156 nee.
577 2141 612 2145 —
631 2125 802 2161 derexerat,
832 2133 856 2154 S.
889 2124 942 2161 21,

274 2171 324 2207 19,
358 2171 383 2202 1.
414 2187 450 2192 -
477 2171 514 2200 ab
542 2169 586 2200 ist
613 2168 703 2199 nicht
728 2168 943 2208 nothwendig

271 2216 354 2247 auch
382 2225 422 2246 zu
440 2217 562 2254 proelio
587 2225 627 2245 zu
644 2213 768 2253 zichen‚
796 2213 861 2254 vgl.
888 2215 942 2251 21,

271 2262 331 2301 33,
367 2263 405 2299 5,
440 2260 590 2301 obgleich
616 2262 700 2291 hoste
723 2260 787 2291 und
807 2262 939 2299 proelio,

270 2307 311 2338 da
336 2313 363 2338 et
388 2306 479 2337 nicht
506 2313 560 2338 auc
590 2305 637 2337 sie
666 2304 851 2345 verbindet,
879 2315 942 2345 eng

270 2352 605 2393 zusammengehoren.
649 2369 686 2374 -—
721 2353 843 2383 turbati
869 2357 896 2382 et
920 2357 940 2382 t.

271 2402 331 2430 etc.
366 2408 390 2429 s.
423 2408 449 2429 c.
475 2398 528 2435 28,
559 2399 592 2430 1:
625 2404 651 2429 et
670 2397 820 2438 perfuyz's
844 2400 942 2428 multa

272 2446 485 2476 incandieibus
498 2449 527 2475 et
536 2454 594 2482 per
618 2454 689 2474 suos
712 2445 943 2481 explorantem,-

271 2492 325 2525 41.
355 2490 407 2529 19,
436 2491 493 2522 1οε
518 2495 573 2521 aut
588 2491 743 2520 dedituris
757 2499 788 2520 se
804 2489 941 2519 hostibus

269 2542 323 2567 aut
344 2537 377 2566 vi
404 2537 625 2576 expuqnaturi,
651 2545 676 2566 s.
699 2545 739 2565 zu
765 2536 795 2569 5,
825 2534 874 2573 18,
901 2536 940 2571 ὃς

272 2582 324 2619 25,
359 2581 412 2617 35,
448 2582 485 2619 23
511 2579 587 2611 Tac.
618 2582 667 2619 14,
694 2582 747 2612 47.
787 2586 815 2611 et
838 2585 940 2618 tempt.

270 2629 331 2656 etc.
345 2625 389 2657 ist
402 2625 650 2666 nachtriigliche
667 2624 942 2665 Einschrankung

1011 1266 1075 1286 von
1100 1266 1164 1287 non
1182 1257 1324 1294 proelio;
1356 1254 1427 1287 Pol.
1453 1266 1479 1287 c.
1505 1257 1559 1295 96,
1588 1256 1616 1288 3.
1642 1273 1688 1278 -

1010 1304 1126 1340 verius,
1150 1302 1203 1340 21,
1232 1303 1282 1340 16,
1309 1303 1498 1333 4.——Izaud
1511 1313 1548 1340 s.,
1578 1312 1603 1332 s.
1631 1302 1686 1341 21,

1013 1348 1064 1387 32,
1096 1349 1147 1380 10.
1164 1365 1208 1369 —
1225 1349 1284 1378 alii
1302 1349 1390 1378 vadis
1414 1351 1476 1378 etc.
1502 1347 1687 1388 entspricht

1013 1402 1038 1424 c.
1077 1394 1137 1433 20,
1184 1393 1221 1424 2:
1258 1404 1338 1433 quae
1366 1404 1430 1424 non
1461 1400 1517 1425 aut
1547 1397 1609 1424 etc.
1643 1410 1689 1415 —-

1012 1440 1131 1477 excepti
1153 1437 1212 1468 mit
1237 1438 1307 1469 dem
1331 1437 1405 1470 Abl.
1431 1439 1486 1470 des
1506 1438 1614 1480 Ortes,
1634 1448 1686 1469 wo

1013 1488 1117 1515 etwas
1136 1483 1273 1524 anlangt
1289 1484 1353 1515 und
1374 1483 1557 1516 Aufnahme
1574 1484 1685 1524 findet,

1009 1529 1071 1561 wie
1106 1532 1206 1568 recipi
1229 1532 1330 1567 tectis,
1367 1532 1546 1569 moem'bus;
1579 1540 1604 1560 e.
1632 1531 1685 1568 52,

1011 1577 1048 1608 7·
1082 1578 1168 1607 tectis
1190 1583 1334 1614 acceptos
1363 1574 1578 1608 h'.162.—
1605 1577 1686 1606 duae

1011 1625 1092 1660 etc,
1124 1621 1271 1661 dagegcn
1295 1620 1366 1655 Pol.
1397 1631 1423 1652 c.
1450 1623 1513 1661 96,
1548 1623 1582 1654 4:
1617 1616 1687 1653 δύο

1010 1666 1081 1719 μὲν
1133 1664 1363 1718 αὐτάνεξρους
1409 1667 1498 1708 νῆας
1540 1662 1686 1708 ἀποβα-

1011 1708 1144 1751 λόντες,
1167 1708 1349 1758 τεττάοων
1370 1711 1410 1744 δὲ
1431 1724 1517 1749 τους
1528 1711 1686 1758 ταοσοις

1011 1760 1071 1790 καὶ
1096 1757 1181 1795 τοὶς
1206 1744 1382 1800 ἐπιβάτας
1401 1758 1561 1803 ἔφευγον
1582 1761 1643 1789 etc.

1060 1846 1128 1885 20.
1178 1850 1207 1881 2.
1233 1856 1295 1881 toto
1319 1866 1363 1871 —-
1388 1851 1422 1880 in
1451 1852 1514 1886 lit„
1542 1850 1604 1885 37,
1631 1849 1684 1887 25,

1018 1896 1074 1927 10:
1102 1897 1323 1932 tocoiffozoobe
1353 1896 1405 1933 32,
1437 1896 1486 1933 18,
1514 1896 1554 1934 3,
1580 1896 1634 1933 40,
1655 1895 1684 1933 3,

1014 1942 1043 1972 5.
1076 1959 1117 1962 —
1152 1952 1216 1971 non
1251 1947 1305 1971 aut
1334 1961 1372 1964 —
1399 1947 1471 1980 aut,
1510 1939 1545 1970 L.
1570 1943 1686 1970 unter-

1011 1985 1160 2017 scheidet
1193 1985 1265 2016 hier
1289 1985 1352 2017 wie
1377 1996 1404 2016 c.
1434 1987 1494 2027 19,
1534 1986 1572 2017 12
1601 1984 1686 2016 zwei

1013 2030 1148 2062 Classen
1174 2041 1238 2062 von
1264 2031 1424 2062 Schiffen:
1463 2030 1685 2071 gescheitertc

1012 2077 1076 2108 und
1126 2075 1359 2116 festsitzende3
1411 2076 1462 2108 die
1510 2076 1684 2115 letzteren,

1012 2132 1107 2153 wenn
1132 2122 1183 2154 die
1208 2122 1324 2154 beiden
1353 2133 1378 2153 c.
1409 2124 1458 2163 19,
1487 2124 1525 2155 12
1551 2132 1684 2162 genom-

1011 2178 1125 2199 meuen
1165 2172 1262 2200 unter
1305 2169 1366 2200 den
1409 2169 1451 2200 25
1492 2167 1687 2208 mitgez‘zihlt

1011 2213 1101 2251 sind,
1128 2212 1177 2245 elf
1199 2224 1238 2245 an
1264 2214 1322 2245 der
1347 2213 1450 2253 Zahl,
1477 2214 1604 2244 ko‘nnen
1632 2212 1684 2244 die

1011 2259 1129 2290 Ro'mer
1166 2259 1256 2290 nicht
1288 2258 1483 2299 entfiihren,
1520 2258 1584 2290 wie
1630 2258 1682 2289 die

1010 2305 1157 2345 iibrigen.
1184 2323 1227 2327 —-
1252 2308 1375 2346 reliqat.
1402 2309 1476 2344 etc„
1503 2315 1527 2335 s.
1556 2303 1626 2337 Pol
1654 2314 1680 2335 c.

1011 2352 1072 2388 96,
1107 2352 1144 2384 6:
1188 2364 1231 2383 τα
1274 2347 1465 2396 &wamma
1499 2352 1684 2382 κινεῖσθαι

1012 2396 1083 2428 τῶν
1128 2398 1272 2429 πλοιων
1318 2383 1435 2438 tuadi]
1440 2391 1594 2439 σάαειοι
1639 2412 1682 2417 -·

1012 2439 1212 2475 ἀπέπλεον.
1260 2441 1322 2472 Ein
1347 2452 1410 2472 von
1418 2409 1583 2472 ηΡιὌῑιῐίιι.
1609 2440 1630 2472 l.
1657 2440 1679 2471 l

1011 2487 1197 2519 erw'ahntes
1234 2487 1436 2528 Strategem:
1479 2488 1532 2517 Cn.
1579 2487 1685 2524 Scipio

1012 2535 1085 2564 bello
1120 2536 1229 2565 navali
1258 2535 1426 2572 ampliora&
1447 2535 1518 2571 pice
1543 2539 1571 2563 et
1595 2533 1685 2563 taeda

1007 2581 1119 2617 plenas
1151 2582 1185 2610 in
1216 2580 1351 2610 hostium
1377 2581 1504 2610 classem
1529 2580 1683 2610 iaculatus

1011 2631 1054 2656 est
1078 2624 1121 2656 ist
1147 2624 1239 2656 nicht
1262 2624 1409 2656 beriihrt.
