1763 2983
226 181 308 225 358

667 182 792 216 LIBER
807 183 934 218 XXIII.
951 181 1044 218 CAP.
1065 185 1118 217 32.
1140 184 1192 217 33.

1481 191 1509 209 a..
1527 190 1556 209 u.
1576 181 1644 210 539.

164 286 206 319 20
227 297 342 324 onem
377 285 541 324 militum
567 285 724 325 haberet
741 286 914 336 locisque
934 286 993 325 his
1014 286 1204 337 praesidio
1228 291 1338 325 esset.
1387 293 1424 326 et
1443 287 1486 325 T.
1509 287 1639 326 Otaci-

226 342 300 380 lius
324 341 505 388 Crassus,
537 348 744 393 postquam
776 342 910 381 aedem
930 343 1067 382 Mentis
1089 343 1129 382 in
1151 343 1334 394 Capitolio
1358 343 1566 391 dedicavit,
1596 343 1637 382 in

228 398 394 437 Siciliam
419 410 507 437 cum
528 398 708 449 imperio,
738 398 804 449 qui
827 399 937 438 classi
958 405 1161 450 praeesset,
1185 400 1339 438 missus.

340 455 385 493 In
414 455 514 493 hanc
537 455 821 494 dimicationem
852 455 1021 494 duorum
1052 456 1438 507 opulentissimorum
1468 455 1509 494 in
1528 455 1642 495 terris

188 518 206 549 2
228 511 466 561 populorum
491 523 627 550 omnes
646 524 756 563 reges
769 517 978 562 gentesque
991 512 1410 559 animosintenderant,
1430 512 1530 551 inter
1540 524 1640 562 quos

225 567 427 618 Philippus
451 568 707 606 Macedonum
730 580 798 606 rex
820 581 865 606 eo
889 569 1021 619 magis,
1043 568 1148 619 quod
1171 569 1332 619 propior
1352 569 1477 608 Italiae
1489 580 1532 607 ac
1544 569 1641 608 mari

187 628 205 659 3
226 630 372 663 tantum
394 624 503 662 Ionio
528 625 715 663 discretus
737 630 828 663 erat.
872 625 904 664 is
926 625 991 663 ubi
1015 625 1185 675 primum
1208 627 1308 664 fama
1328 625 1472 675 accepit
1489 625 1640 663 Hanni-

226 680 350 719 halem
369 680 475 731 Alpis
507 687 792 731 transgressum
806 711 815 727 ,
843 686 885 720 ut
903 681 1003 720 bello
1024 682 1124 720 inter
1144 682 1365 720 Romanum
1383 681 1642 732 Poenumque

226 743 310 775 orto
331 737 489 776 laetatus
513 743 603 785 erat,
624 738 685 784 ita,
707 738 831 776 utrius
852 738 986 789 populi
1008 738 1135 776 mallet
1156 738 1355 776 victoriam
1367 750 1461 784 esse,
1483 737 1640 776 incertis

186 798 206 830 4
225 793 352 832 adhuc
375 793 522 832 viribus
546 794 752 833 fluctuatus
769 794 896 832 animo
914 797 1049 833 fuerat.
1079 794 1403 845 postquamtertia
1412 794 1487 832 iam
1498 805 1645 844 pugna,

225 850 333 889 tertia
354 850 512 889 victoria
535 863 624 889 cum
640 850 781 889 Poenis
804 856 893 897 erat,
916 851 962 889 ad
983 853 1181 890 fortunam
1200 851 1397 889 inclinavit
1415 851 1639 901 legatosque

225 907 271 945 ad
294 906 549 945 Hannibalem
577 907 700 953 misit3
733 907 798 957 qui
820 907 980 946 vitantes
1003 914 1139 957 portus
1158 907 1438 945 Brundisinum
1462 907 1639 946 Tarenti-

226 975 413 1014 numque,
436 964 525 1013 quia
546 963 729 1002 custodiis
750 963 908 1002 navium
919 965 1185 1003 Romanarum
1208 963 1446 1010 tenebantur,
1469 963 1515 1001 ad
1527 963 1639 1001 Laci-

186 1027 204 1058 5
225 1016 315 1059 niae
334 1020 497 1058 Iunonis
520 1021 709 1070 templum
727 1019 767 1057 in
789 1026 929 1058 terram
953 1020 1096 1070 egressi
1117 1026 1218 1058 sunt.
1258 1019 1347 1058 inde
1367 1032 1437 1070 per
1459 1019 1638 1069 Apuliam

224 1082 397 1127 petentes
422 1076 591 1126 Capuam
615 1076 740 1114 media
759 1076 799 1113 in
820 1076 1008 1127 praesidia
1029 1077 1203 1114 Romana
1224 1075 1330 1114 inlati
1350 1081 1441 1114 sunt
1460 1075 1636 1114 deducti-

224 1144 299 1183 que
325 1132 371 1170 ad
392 1132 585 1171 Valerium
603 1132 818 1171 Laevinum
843 1138 1060 1183 praetorem
1084 1133 1183 1170 circa
1199 1132 1401 1170 Luceriam
1424 1137 1546 1170 castra
1569 1131 1639 1170 ha-

183 1195 202 1227 6
222 1188 391 1227 hentem.
420 1189 472 1227 ibi
494 1189 684 1239 intrepide
704 1189 975 1239 Xenophanes,
995 1189 1193 1239 legationis
1206 1189 1399 1239 princeps,
1419 1201 1440 1227 a
1459 1188 1638 1239 Philippo

222 1257 311 1296 rege
342 1258 382 1284 se
411 1245 574 1284 missum
607 1246 656 1284 ait
676 1245 722 1283 ad
746 1246 948 1284 amicitiam
972 1246 1270 1296 societatemque
1290 1245 1527 1295 iungendam
1549 1256 1640 1283 cum

222 1302 368 1353 populo
389 1302 586 1350 Romano,
619 1302 796 1341 mandata
816 1302 956 1341 hahere
978 1302 1024 1340 ad
1047 1302 1226 1340 consules
1248 1314 1290 1340 ac
1311 1307 1488 1340 senatum
1508 1313 1639 1352 popu-

149 456 207 496 33

220 1424 321 1456 Ierius
348 1424 445 1456 deckt
471 1423 612 1467 Apulien
640 1425 802 1466 (Luceria,
830 1424 894 1456 Ca-

221 1470 359 1510 nusium,
385 1469 509 1502 Tarent
533 1482 564 1502 u.
594 1469 637 1510 a.)
664 1471 730 1502 und
755 1470 895 1502 bedroht

221 1515 405 1555 Samnium3
442 1516 551 1548 Varro
589 1516 632 1547 ist
666 1516 698 1547 in
722 1516 894 1558 Picenu1n;

222 1561 273 1593 die
313 1562 457 1593 anderen
493 1562 782 1602 Bundesgenossen
822 1561 895 1593 sind

220 1607 388 1639 entweder
444 1612 519 1639 treu
568 1607 758 1648 geblieben,
818 1608 896 1638 oder

219 1652 348 1684 konnen
379 1653 462 1684 noch
494 1653 584 1684 nicht
620 1653 746 1685 wieder
780 1657 895 1684 unter-

219 1697 346 1730 worfen
373 1698 518 1738 werden,
544 1698 609 1730 wie
638 1698 690 1730 die
715 1698 893 1737 Samniteu,

218 1743 377 1783 Bruttier,
403 1743 563 1776 Lucaner.
582 1763 625 1766 —
644 1746 764 1784 Otacil„
791 1744 894 1775 neben

219 1789 299 1831 App.
326 1788 493 1824 Claudius.
528 1800 555 1821 c.
592 1792 644 1826 30,
679 1791 728 1823 18.
756 1807 799 1811 —
825 1801 895 1821 cum

216 1837 306 1874 imp„
342 1845 378 1866 er
412 1834 456 1866 ist
480 1835 523 1866 im
551 1836 579 1867 J.
603 1837 668 1868 216
694 1834 896 1877 propraetor

219 1889 383 1920 gewesen.
413 1882 467 1920 22,
497 1882 550 1921 56,
577 1883 606 1920 5,
632 1881 696 1912 und
709 1880 893 1921 wirdjetzt

218 1925 284 1957 wol
304 1925 353 1957 als
368 1926 623 1958 Stellvertreter
636 1926 724 1958 eines
738 1926 895 1958 Praetors

217 1971 398 2011 geschickt,
428 1982 453 2003 5.
479 1982 505 2003 c.
532 1974 585 2008 34,
616 1974 665 2005 14.

265 2014 441 2055 33-34,
488 2020 517 2050 9.
544 2017 703 2049 Β11111111155
729 2017 892 2048 zwischen

218 2061 381 2093 Hannibal
402 2063 466 2093 und
487 2063 558 2094 dem
578 2061 704 2102 H'onlge
725 2061 892 2103 Philippus

219 2117 282 2138 von
308 2107 530 2138 Macedonien.
591 2107 708 2150 Polyb.
736 2110 772 2147 5,
814 2109 894 2146 1053

220 2155 250 2192 7,
280 2154 320 2193 9·
345 2152 423 2183 Zon.
450 2154 481 2191 9,
508 2155 537 2186 4

268 2199 362 2231 1—4.
389 2209 473 2240 myos
497 2210 540 2239 9,
578 2197 890 2237 21,43‚11;xg1.

219 2242 329 2283 Pol.5,
355 2245 427 2281 105,
445 2246 480 2276 5:
501 2241 628 2294 οὗμὶρ
642 2243 892 2279 ἔῑιΦιῖιππος

218 2286 294 2321 οὐδ’
327 2290 362 2322 οἱ
384 2290 458 2322 τῶι
471 2284 654 2329 Ἑλλήιωι
667 2288 892 2334 προεστῶτες

218 2330 442 2386 ἁρχοντες-
404 2334 890 2388 -πολέιιους-ἐποιοιξπτο,

217 2377 291 2413 αλλ
311 2375 380 2421 ἤδη
394 2379 472 2413 πάι
475 2391 530 2417 τες
546 2378 641 2425 ποὸς
660 2378 793 2417 τούςέν
805 2376 890 2411 Ἰτα-

219 2426 278 2457 Na
311 2437 472 2463 σκοποις
496 2411 716 2467 ἆπέβλεποι.
742 2443 785 2447 —-
809 2427 890 2457 inter

217 2481 266 2511 q.,
305 2472 440 2511 23,1,
475 2473 507 2505 9.
534 2473 702 2510 —Plcil.,
742 2472 803 2509 22,
831 2472 889 2510 33,

219 2515 400 2557 Heitzberg
439 2514 889 2553 Geseh.G1iech.1,2sf.

216 2579 259 2583 —
291 2564 377 2603 quod
410 2562 539 2594 sehcint
564 2562 763 2603 gebiwancht
800 2561 892 2592 nicht

216 2617 289 2650 quo,
316 2607 393 2639 weil
419 2607 508 2639 nicht
533 2607 632 2639 alleiu
651 2618 789 2648 propior
812 2618 890 2639 son-

963 1425 1042 1456 dern
1068 1425 1151 1456 auch
1176 1427 1327 1457 discretus
1352 1422 1447 1465 folgt,
1475 1434 1500 1455 5.
1528 1424 1582 1464 22,
1604 1425 1635 1463 4,

964 1472 1003 1508 63
1040 1472 1078 1509 5,
1120 1472 1156 1510 1,
1194 1472 1230 1503 6;
1263 1481 1295 1501 eo
1317 1472 1434 1511 maqz'S,
1471 1471 1559 1510 quod
1583 1480 1639 1501 ex-

963 1519 1090 1548 celleret.
1109 1534 1151 1538 —
1174 1518 1302 1547 incertis
1324 1527 1364 1555 ν.,
1392 1515 1441 1546 als
1464 1514 1535 1546 sich
1558 1514 1641 1546 iiber

963 1562 1015 1593 1116
1049 1561 1160 1593 Macht
1196 1560 1308 1593 beider
1344 1561 1426 1591 noch
1459 1560 1549 1591 nicht
1580 1570 1637 1591 ur-

962 1606 1087 1639 theilen
1120 1606 1209 1638 liess.
1243 1624 1286 1628 —-—
1316 1608 1491 1647 fluctuatus
1521 1606 1639 1646 fuerat

964 1653 1046 1683 nach
1071 1655 1174 1684 laetat.
1200 1658 1276 1690 erat,
1301 1662 1326 1683 5.
1352 1649 1406 1691 30,
1433 1652 1487 1691 33,
1512 1652 1543 1690 6,
1568 1650 1637 1691 vgl.

965 1699 1026 1737 32,
1063 1699 1121 1738 13,
1156 1700 1195 1739 4·
1229 1707 1291 1728 vor
1316 1696 1351 1728 L.
1378 1696 1421 1728 ist
1449 1696 1500 1727 die
1528 1696 1639 1728 active

963 1743 1061 1775 me
1087 1753 1158 1783 gew
1163 1723 1303 1774 6111111611.
1321 1760 1364 1764 —-
1381 1744 1485 1773 adh-uo
1503 1756 1548 1768 =
1567 1752 1638 1773 cum

964 1793 1073 1821 essent
1104 1798 1204 1830 usquc
1242 1789 1283 1819 ad
1311 1788 1344 1818 id
1369 1792 1514 1829 tenipus,
1551 1798 1577 1819 s.
1603 1788 1636 1831 6,

965 1836 1025 1874 33,
1067 1836 1098 1867 2.
1137 1853 1180 1856 —
1216 1845 1286 1866 cum
1321 1835 1434 1865 Poenis
1467 1844 1511 1865 er
1546 1813 1640 1874 passt

965 1879 1145 1921 eigentlich
1169 1890 1230 1910 nu1
1250 1890 1289 1910 zu
1307 1881 1447 1917 motoria,
1473 1889 1513 1909 zu
1525 1889 1639 1919 puyna

964 1925 1009 1957 ist
1034 1925 1086 1957 ein
1111 1925 1247 1956 anderes
1267 1924 1423 1956 Pradicat
1443 1934 1483 1954 zu
1500 1923 1637 1962 denken,

963 1975 1055 2002 sonst
1073 1971 1186 2001 wiirde
1200 1980 1233 2001 es
1248 1970 1395 2001 heissen:
1423 1971 1516 2001 tercia
1525 1980 1640 2010 puyna

962 2019 1115 2055 vicerunt,
1145 2026 1168 2046 5.
1197 2014 1236 2046 K.
1262 2016 1336 2048 289.
1362 2032 1407 2036 —
1435 2017 1477 2046 ad
1490 2015 1636 2055 fortun„

964 2061 1074 2098 dahin,
1100 2060 1209 2091 wohin
1229 2060 1286 2092 das
1301 2059 1407 2092 Glijck
1425 2060 1495 2091 sich
1516 2059 1637 2100 neigte.

964 2124 1006 2128 ——
1025 2113 1110 2145 port.
1145 2108 1272 2138 Brund.
1300 2109 1376 2146 T.,·„
1391 2116 1416 2137 e.
1442 2107 1505 2146 29,
1538 2107 1568 2138 4.
1594 2122 1639 2128 ’-

964 2154 1076 2185 Lat-m.
1100 2154 1187 2187 Ima,
1214 2153 1268 2191 24,
1294 2152 1325 2192 3,
1352 2153 1380 2184 3.

1011 2200 1107 2231 5—8.
1137 2200 1219 2237 inde,
1247 2207 1311 2228 von
1329 2197 1380 2237 da,
1401 2196 1483 2227 daun
1506 2195 1635 2235 weiter,

962 2243 1081 2275 ebeuso
1118 2242 1139 2285 ξ
1164 2245 1194 2276 9.
1231 2261 1273 2265 -
1307 2244 1492 2278 Luceriam,
1527 2252 1552 2273 5.
1581 2242 1636 2281 22,

961 2291 991 2330 9,
1007 2291 1037 2329 5,
1066 2289 1117 2320 die
1138 2288 1210 2322 Hss.
1236 2288 1344 2320 haben
1368 2289 1545 2319 mmneriam
1569 2286 1636 2317 und

960 2333 1014 2366 bei
1055 2334 1177 2375 griech.
1222 2332 1486 2365 Schriftstellern
1528 2331 1635 2363 heisst

960 2379 1011 2412 dic
1037 2379 1134 2411 stadt
1159 2380 1243 2411 auch
1270 2381 1421 2419 Nuceria,
1447 2389 1471 2410 5.
1497 2379 1552 2417 27,
1583 2378 1634 2416 10,

961 2428 997 2461 ’ῖς
1026 2426 1109 2456 doch
1129 2425 1172 2456 ist
1191 2425 1244 2456 bei
1266 2424 1314 2464 L.,
1333 2425 1390 2456 der
1408 2422 1552 2455 dieselbe
1569 2432 1634 2453 von

960 2471 1021 2502 (1611
1046 2471 1116 2502 ‹lrei
1145 2470 1248 2502 Orten
1275 2470 1379 2502 dieses
1405 2468 1546 2500 Namens
1571 2478 1634 2498 un—

959 2516 1170 2557 terscheidet,
1187 2515 1383 2547 schwerlich
1400 2524 1435 2546 so
1452 2525 1491 2545 zu
1505 2512 1632 2544 schrei-

959 2562 1030 2593 ben.
1057 2580 1101 2584 —-
1124 2564 1289 2601 intrepide,
1316 2562 1369 2599 25,
1401 2561 1454 2601 37,
1483 2561 1539 2592 15:
1567 2564 1634 2590 tre-

951 2610 1049 2647 pidoe
1067 2608 1120 2648 30,
1143 2609 1193 2647 15,
1214 2609 1249 2640 S:
1272 2608 1437 2646 2'7zpavz'de,·
1464 2604 1634 2646 24,12,3;
