1763 2983
104 201 130 221 a.
152 193 208 221 cn.
227 194 287 221 292.
567 194 693 228 LIBER
718 194 761 227 x.
810 195 903 228 CAP.
932 196 985 229 43.
1012 197 1066 228 44.
1429 197 1511 236 467

101 304 201 338 ctata
223 301 302 338 erat
323 310 463 352 pugna,
485 298 620 337 hostes
641 310 722 336 non
743 298 904 337 inventi.
947 304 1095 351 septem
1120 299 1224 338 milia
1246 312 1405 352 passum
1423 311 1513 339 cum

103 356 284 395 abessent
304 370 324 396 a
347 355 535 401 Cominio,
559 355 730 394 revocati
752 355 799 393 ab
821 356 900 394 suis
922 356 1052 395 neutri
1073 356 1220 408 proelio
1243 362 1511 397 occurrerunt.

99 413 237 464 primis
258 414 380 452 ferme
402 412 585 457 tenebris,
616 424 704 451 cum
728 412 766 451 in
790 418 1002 464 conspectu
1025 413 1100 452 iam
1123 419 1259 461 eastra,
1293 415 1369 454 iam
1392 414 1513 465 Aqui-
1546 423 1586 454 10

99 469 240 509 leniam
263 471 504 515 habuissent,
527 469 673 508 clamor
694 482 760 507 eos
791 470 985 521 utrimque
1014 483 1082 521 par
1104 472 1281 510 accidens
1310 471 1513 516 sustinuit3

99 527 237 566 deinde
259 527 418 578 regione.
442 531 670 571 castrorum,
695 539 791 577 quae
815 526 973 565 incensa
991 527 1036 565 ab
1054 528 1238 567 Romanis
1255 534 1378 575 erant,
1401 528 1512 566 ssam-
1547 540 1583 571 11

100 596 161 622 ma
190 584 263 623 late
294 584 379 623 fusa
403 583 578 622 certioris
610 583 726 622 cladis
756 583 900 622 indicio
922 585 1105 635 progredi
1126 585 1277 636 longius
1295 585 1510 636 prohibuit.

98 653 144 679 eo
174 641 256 692 ipso
289 642 373 680 loeo
401 646 549 680 temere
579 641 652 679 sub
683 640 801 679 armis
831 641 941 679 strati
969 641 1114 691 passim
1143 642 1362 693 inquietum
1394 654 1511 681 omne
1544 652 1583 685 12

96 703 251 749 tempus
272 698 397 737 noctis
421 698 658 750 expectando
680 697 936 749 timendoque
958 697 1084 737 lucem
1115 710 1240 748 egere.
1282 699 1408 750 prima
1427 699 1513 738 luce

98 754 242 801 incerti,
281 768 397 806 quam
435 755 473 793 in
510 754 663 806 partem
699 754 955 793 intenderent
989 755 1074 801 iter,
1110 759 1271 806 repente
1308 756 1348 793 in
1382 758 1513 806 fugam
1546 766 1583 797 13

99 817 400 851 consternantur
435 812 632 863 conspecti
669 810 715 850 ab
753 811 961 863 equitibus,
1010 812 1076 863 qui
1106 824 1282 863 egressos
1319 817 1434 851 nocte
1467 812 1514 851 ab

99 869 239 919 oppido
276 869 470 908 Samnites
506 868 700 920 persecuti
737 868 911 908 viderant
955 868 1248 908 multitudinem
1284 881 1366 908 non
1402 869 1511 915 vallo,

99 936 179 964 non
203 926 436 965 stationibus
460 926 667 964 firmatam.
711 930 919 977 conspecta
943 931 979 964 et
1001 939 1046 964 ex
1068 925 1190 964 muris
1213 925 1442 977 Aquiloniae
1471 938 1513 965 ea
1546 937 1585 969 14

95 982 304 1022 multitudo
328 988 420 1029 erat,
452 983 608 1035 iamque
630 982 748 1022 etiam
772 982 1002 1033 legionariae
1027 983 1209 1022 cohortes
1232 982 1511 1034 sequebantur.

92 1044 266 1079 ceterum
290 1052 363 1079 nec
383 1040 502 1091 pedes
522 1040 717 1091 fugientes
739 1039 920 1091 persequi
939 1040 1078 1090 potuit,
1104 1045 1142 1078 et
1159 1039 1204 1078 ab
1227 1040 1356 1091 equite
1379 1039 1513 1079 novis-

92 1096 182 1135 simi
211 1098 378 1148 agminis
409 1097 564 1136 ducenti
586 1098 710 1135 ferme
733 1102 771 1135 et
794 1096 989 1147 octoginta
1011 1097 1221 1143 interfecti,
1254 1109 1361 1136 arma
1390 1097 1512 1137 multa
1543 1110 1582 1141 15

91 1153 217 1204 pavidi
242 1166 284 1193 ac
307 1154 415 1205 signa
437 1153 615 1193 militaria
638 1153 900 1204 duodeviginti
922 1153 1136 1204 reliquere,
1167 1153 1240 1192 alio
1269 1153 1424 1204 agmine
1445 1153 1512 1192 in—

95 1211 252 1257 columi,
274 1216 317 1250 ut
341 1224 387 1249 ex
407 1216 515 1250 tanta
536 1210 808 1262 trepidatione,
831 1210 1045 1249 Bovianum
1068 1216 1302 1262 perventum
1327 1216 1398 1249 est.

212 1268 415 1307 Laetitiam
446 1268 654 1318 utriusque
685 1267 878 1306 exercitus
908 1267 1075 1306 Romani
1112 1267 1217 1306 auxit
1248 1272 1285 1306 et
1321 1267 1367 1306 ab
1390 1268 1509 1306 altera
1538 1273 1592 1311 44

94 1329 203 1375 parte
228 1325 391 1363 feliciter
402 1330 508 1376 gesta
529 1337 601 1363 res.
632 1328 799 1375 uterque
818 1337 864 1362 ex
880 1324 1036 1363 alterius
1055 1324 1250 1363 sententia
1267 1324 1402 1364 consul
1420 1337 1511 1376 cap—

94 1386 179 1419 tum
213 1381 400 1433 oppidum
430 1381 693 1432 diripiendum
727 1381 838 1419 militi
869 1380 985 1427 dedit,
1017 1381 1212 1420 exhaustis
1236 1380 1376 1420 deinde
1397 1381 1512 1420 tectis

91 1438 222 1488 ignem
239 1438 389 1485 iniecit,
408 1438 625 1490 eodemque
644 1438 703 1477 die
719 1437 924 1489 Aquilonia
940 1442 978 1476 et
997 1437 1218 1477 Cominium
1238 1438 1511 1490 deflagravere,
1541 1451 1559 1482 2

95 1500 133 1533 et
156 1495 336 1534 consules
358 1507 446 1534 cum
460 1495 718 1546 gratulatione
736 1500 874 1534 mutua
890 1494 1089 1545 legionum
1108 1507 1255 1546 suaque
1272 1500 1397 1535 castra
1415 1507 1512 1535 con-

88 1550 261 1591 iunxere.
302 1551 342 1590 in
365 1558 575 1604 conspectu
598 1552 767 1591 duorum
791 1552 1033 1591 exercituum
1058 1556 1095 1590 et
1117 1552 1302 1591 Carvilius
1319 1564 1410 1591 suos
1438 1564 1509 1604 pro
1540 1565 1559 1596 3

94 1609 282 1661 cuiusque
318 1609 460 1648 merito
498 1609 667 1649 laudavit
701 1609 948 1661 donavitque,
981 1615 1018 1648 et
1040 1608 1230 1661 PapiriuS,
1259 1609 1360 1661 apud
1390 1621 1507 1661 quem

95 1665 298 1717 multiplex
318 1666 358 1704 in
379 1665 471 1711 acie,
493 1666 592 1705 circa
614 1671 751 1713 castra,
775 1666 873 1705 circa
895 1665 1035 1705 urbem
1057 1666 1185 1705 fuerat
1206 1671 1419 1713 certamen,
1440 1666 1505 1718 Sp.

86 1721 286 1769 Nautium,
305 1722 595 1775 Sp.Papirium‚
612 1723 738 1762 fratris
757 1723 891 1768 filium,
911 1728 948 1762 et
964 1728 1149 1775 quattuor
1160 1723 1410 1762 centuriones
1421 1735 1505 1763 ma-

84 1869 190 1902 medz'o
207 1870 298 1913 soro,
328 1872 361 1901 ιή
379 1870 489 1902 media
507 1871 587 1903 urbe
609 1882 637 1902 u.
655 1872 682 1903 ii.
703 1890 744 1894 —-

79 1927 230 1960 passum,
248 1918 280 1957 4,
293 1918 345 1955 20,
366 1917 394 1948 S.
409 1936 452 1939 —
467 1927 609 1958 occm‘r„
626 1917 743 1949 kamen

83 1973 183 1993 -zu
211 1973 241 1994 u.
269 1973 294 1994 s.
317 1973 372 2003 w.,
396 1962 462 2002 vgl.
492 1964 544 1996 31.
572 1962 624 2004 29,
656 1964 681 1994 l.
701 1981 743 1985 -η

80 2008 290 2046 habmssent,
310 2008 392 2040 kurz
406 2012 465 2040 st.:
481 2018 517 2039 eo
533 2010 695 2040 venisseut
710 2011 744 2040 nl

81 2072 123 2076 ——
140 2054 315 2086 haberent:
332 2053 385 2085 bei
402 2054 474 2085 dem
492 2054 665 2086 Anbruche
683 2055 743 2086 der

80 2098 301 2139 Diimmerung
322 2099 407 2131 hielt
423 2099 472 2131 sie
489 2099 548 2131 das
567 2098 742 2141 Gesehrei,

81 2144 177 2185 daun,
210 2145 260 2176 als
293 2145 345 2176 die
373 2146 483 2178 Naeht
511 2145 740 2186 angebrochen

81 2201 163 2231 war,
187 2191 247 2222 der
270 2190 374 2222 Brand
398 2190 443 2222 im
465 2190 575 2233 Lager
606 2191 741 2223 zuriick.

81 2238 250 2275 susteneat,
276 2236 329 2277 25,
360 2235 412 2268 36.
436 2238 468 2270 1:
501 2247 588 2269 nunc
613 2236 743 2279 agendo

80 2292 168 2313 nunc
180 2281 376 2314 sustinendo
397 2293 529 2324 agmen.
548 2302 589 2306 —
607 2285 743 2324 regione

80 2337 118 2369 e.,
136 2338 162 2359 c.
181 2328 236 2369 34,
260 2329 295 2359 7:
324 2328 359 2360 in
384 2328 442 2360 der
467 2328 613 2370 Gegend,
642 2328 743 2360 Rich-

81 2377 160 2414 tung
174 2374 231 2405 des
240 2373 377 2415 Lagei-s.
397 2374 742 2417 —susa=d1‘ffnsa,

80 2418 146 2458 vgl.
165 2420 196 2459 5,
214 2419 267 2459 54,
288 2420 315 2451 1.
330 2438 372 2442 -
387 2422 539 2453 certioris
553 2432 583 2451 n.
599 2430 692 2462 quam
709 2420 742 2451 in

80 2463 170 2495 urbe.
208 2466 235 2505 1,
257 2465 283 2503 1,
299 2465 336 2503 43
356 2466 386 2506 2,
402 2467 453 2507 51,
473 2467 511 2498 4:
526 2467 739 2509 proa‘imamg

81 2517 115 2539 es
134 2509 217 2541 wird
235 2513 370 2543 certiore?
385 2521 488 2543 verm.

128 2554 267 2588 12—15.
301 2567 337 2588 eo
365 2558 443 2600 ipso,
473 2568 525 2589 wo
559 2557 587 2589 si
619 2558 742 2598 gerade

83 2608 205 2632 waren.
224 2620 265 2624 —
282 2604 553 2645 temp—egere,
572 2613 597 2634 S.
616 2614 643 2635 c.
665 2605 694 2642 1,
711 2604 742 2634 4.

85 2663 124 2667 -
144 2647 178 2677 in
194 2647 293 2688 sagn,
317 2648 371 2680 die
393 2646 498 2689 Folge
521 2648 579 2680 des
601 2650 745 2680 conster-

836 1874 924 1907 nari.
944 1883 968 1903 s.
992 1873 1020 1910 7,
1038 1872 1093 1910 42,
1114 1872 1142 1903 3.
1158 1892 1200 1894 -κ
1219 1874 1384 1915 conspecti
1398 1873 1439 1904 ab
1455 1883 1501 1914 eq.

836 1917 959 1949 ko'nnte
984 1917 1163 1949 bedenten:
1195 1918 1354 1950 eutdeckt
1388 1928 1502 1949 waren

837 1962 907 1994 sich
925 1963 1082 1994 eutdeckt
1098 1964 1210 2003 sahen,
1230 1964 1298 2004 vgl.
1318 1964 1371 2003 22,
1391 1965 1421 2003 6,
1444 1966 1502 2004 lo;

835 2009 919 2039 doch
950 2009 1042 2040 w'a‘re
1076 2009 1187 2041 dieses
1228 2009 1350 2040 unklar
1383 2018 1503 2049 ausge-

834 2054 966 2094 driickt,
985 2055 1048 2085 und
1067 2055 1125 2086 das
1140 2054 1219 2095 folg.
1236 2056 1302 2086 iam
1318 2057 1420 2087 etiam
1437 2060 1501 2087 etc.

834 2100 934 2140 zeigt,
962 2101 1040 2132 dass
1072 2101 1124 2132 die
1154 2101 1271 2133 Reiter
1299 2100 1371 2132 sich
1399 2101 1501 2132 sehon

833 2156 938 2186 gegen
957 2146 1005 2178 sie
1023 2147 1199 2187 gewendet
1212 2146 1337 2186 haben3
1354 2156 1427 2178 man
1447 2157 1502 2178 er-

833 2196 957 2223 wartet
982 2192 1085 2223 daher
1109 2194 1272 2235 oppressi,
1294 2202 1319 2223 s.
1339 2203 1366 2224 c.
1393 2192 1446 2234 32,
1470 2192 1500 2231 8,

833 2237 914 2268 oder
938 2237 1144 2278 wenigstens
1177 2239 1359 2281 eonspeelc's
1379 2239 1501 2277 equita·-

834 2283 906 2323 bns,
936 2282 1073 2324 Madvig
1099 2282 1245 2316 entfernt
1262 2285 1437 2326 conspecti.
1456 2301 1499 2306 -

833 2328 897 2361 alio
922 2329 994 2368 (das
1020 2329 1155 2368 andere)
1181 2339 1274 2371 (lgm.
1295 2333 1358 2361 etc.
1382 2329 1434 2361 als
1459 2328 1499 2360 ob

828 2377 1050 2417 pervenerunt
1068 2374 1185 2415 folgte.

879 2414 948 2452 44.
978 2421 1072 2452 1-5,
1100 2420 1376 2462 utriusque—ab
1392 2419 1500 2451 altera

831 2477 873 2508 μ,
914 2466 1177 2506 Umsehreibung
1211 2467 1267 2497 des
1300 2465 1499 2507 reciproken

835 2511 1102 2552 Vei-hZ‘iItnisses,
1120 2511 1187 2552 vgl.
1207 2511 1350 2542 nachher
1366 2513 1499 2542 mutua.

833 2576 871 2580 —
894 2568 939 2589 ez·
952 2559 1047 2597 sent„
1074 2567 1100 2588 e.
1126 2557 1179 2596 30,
1207 2557 1233 2588 1.
1251 2574 1296 2579 —
1312 2556 1499 2597 emensus,

835 2603 1107 2645 ansgepliiudert.
1141 2619 1185 2624 —
1217 2604 1318 2644 quatt.
1359 2604 1498 2643 centur„

837 2648 1023 2690 iiberhaupt
1046 2648 1066 2680 4
1085 2646 1322 2688 Centurioneu,
1348 2647 1425 2678 dass
1448 2646 1498 2678 sie

1142 2703 1210 2738 30*
