1763 2983
118 153 141 170 a.
162 145 212 170 (Ἢ.
233 144 280 170 3¹21
631 142 752 175 LIBER
779 142 838 175 IX.
879 145 970 177 CAP.
995 146 1026 177 4.
1446 146 1526 184 277

118 247 248 286 vetuit.
290 247 384 286 haee
403 258 492 285 cum
513 246 654 296 legatio
675 246 979 291 renuntiaretur,
1007 252 1139 286 tantus
1160 248 1326 299 gemitus
1351 249 1525 287 omnium
1556 258 1575 288 6

115 303 242 342 subito
275 309 433 342 exortus
464 308 542 348 est,
570 307 755 353 tantaque
776 303 967 342 maestitia
988 304 1163 352 incessit,
1192 310 1236 344 ut
1263 317 1342 344 non
1372 304 1527 356 gravius

115 360 310 412 accepturi
337 360 578 406 viderentur,
607 359 639 397 si
669 358 917 398 nuntiaretur
946 361 1128 399 omnibus
1160 374 1205 400 eo
1237 360 1322 401 loeo
1358 366 1526 401 mortem

115 417 372 468 oppetendam
394 428 492 455 esse.
534 428 623 454 cum
652 415 718 454 diu
746 415 946 454 silentium
974 417 1132 464 fuisset,
1159 430 1231 456 nec
1258 419 1439 458 consules
1461 423 1528 458 aut

1557 422 1575 453 7

115 485 184 524 pro
206 474 362 512 foedere
383 479 460 512 tam
483 472 588 523 turpi
610 476 676 510 aut
697 477 830 511 contra
846 472 983 511 foedus
1001 478 1081 511 tam
1100 475 1360 514 necessarium
1377 475 1527 514 hiscere
1568 496 1570 498 ·

114 535 293 581 possent,
316 535 399 569 tum
421 530 463 568 L.
487 528 695 575 Lentulus,
727 529 791 579 qui
813 530 920 579 [tum]
945 530 1126 581 princeps
1149 530 1362 581 legatorum
1384 531 1528 571 virtute

114 591 229 638 atque
251 586 466 625 honoribus
489 590 588 624 erat:
613 591 787 636 „patrem
809 590 966 624 meum“
989 586 1127 637 inquit,
1152 588 1385 636 „consules,
1410 601 1525 640 saepe

114 642 242 682 audivi
264 648 547 682 memorantem
570 654 613 680 se
634 642 671 680 in
695 641 886 692 Capitolio
917 654 1046 681 unumv
1064 654 1145 681 non
1173 643 1294 682 fuisse
1326 650 1526 683 auctorem

114 700 269 739 senatui
289 700 538 738 redimendae
560 710 654 737 auro
678 712 697 736 a
721 698 835 736 Gallis
857 699 1031 746 civitatis,
1055 699 1209 750 quando
1230 712 1304 739 nec
1323 700 1427 739 fossa
1447 701 1528 740 val-

113 757 229 808 loque
250 756 297 794 ab
316 756 563 808 ignavissimo
580 755 626 794 ad
645 767 761 806 opera
779 768 821 793 ac
839 755 1100 794 muniendum
1118 756 1228 795 hoste
1247 756 1365 795 clausi
1383 763 1525 803 essent,

114 819 152 852 et
174 825 392 864 erumpere,
414 813 447 851 si
468 824 549 851 non
571 812 657 851 sine
681 824 821 861 magno
842 813 1024 863 periculo,
1048 818 1180 851 tamen
1203 812 1289 852 sine
1311 818 1415 852 certa
1435 826 1527 864 per—

114 869 213 908 nicie
230 875 402 921 possent.
445 869 549 920 quod
577 868 609 907 si
630 868 702 907 illis
724 874 768 906 ut
788 869 994 908 decurrere
1023 882 1068 908 ex
1090 869 1278 920 Capitolio
1308 870 1464 909 armatis
1486 870 1527 908 in

113 926 268 965 hostem
290 926 408 974 licuit,
441 938 517 977 quo
547 936 661 976 saepe
692 925 807 963 modo
830 925 976 964 obsessi
993 926 1033 963 in
1056 926 1279 965 obsidentes
1302 931 1526 978 eruperunt,

60 989 63 992 ’
112 983 164 1022 ita
184 982 298 1021 nobis
320 995 443 1034 aequo
466 986 532 1022 aut
553 981 686 1033 iniquo
708 981 793 1020 loco
815 981 1024 1021 dimicandi
1046 983 1321 1021 tantummodo
1343 996 1432 1022 cum
1454 983 1528 1022 ho-

114 1046 171 1078 ste
193 1039 302 1091 copia
325 1044 438 1086 esset,
460 1051 541 1078 non
562 1038 658 1077 mihi
679 1038 830 1089 paterni
852 1039 968 1077 animi
987 1039 1138 1078 indoles
1161 1039 1200 1078 in
1219 1039 1382 1078 consilio
1400 1039 1526 1079 dando

113 1097 277 1135 deesset.
320 1096 501 1148 equidem
524 1100 691 1134 mortem
714 1107 785 1146 pro
808 1096 929 1146 patria
951 1096 1187 1147 praeclaram
1211 1108 1295 1135 esse
1316 1096 1459 1143 fateor,
1490 1101 1530 1135 et

113 1165 176 1191 me
196 1152 256 1191 vel
276 1153 465 1192 devovere
486 1164 556 1203 pro
577 1151 720 1203 populo
738 1151 917 1191 Romano
935 1152 1228 1204 legionibusque
1244 1153 1303 1191 vel
1319 1152 1359 1191 in
1376 1152 1529 1192 medios

114 1222 177 1247 me
206 1209 401 1248 inmittere
428 1209 562 1247 hostes
593 1213 751 1260 paratus
782 1220 889 1247 sum:
920 1209 989 1248 sed
1019 1209 1084 1248 hic
1108 1209 1275 1260 patriam
1305 1209 1435 1255 video,
1464 1210 1528 1248 hic

78 1292 84 1299 >
114 1265 300 1317 quidquid
328 1266 594 1305 Romanarum
624 1264 819 1315 legionum
842 1270 920 1314 est,
958 1277 1057 1317 quae
1086 1265 1159 1304 nisi
1188 1278 1259 1318 pro
1290 1278 1330 1305 se
1360 1266 1454 1317 ipsis
1484 1266 1532 1305 ad

113 1326 280 1361 mortem
296 1334 411 1361 ruere
428 1322 574 1369 volunt,
599 1321 689 1371 quid
709 1320 865 1368 hahent,
888 1322 994 1373 quod
1016 1326 1142 1361 morte
1164 1334 1233 1362 sua
1255 1320 1443 1361 servent?
1466 1328 1526 1361 te-

113 1383 172 1418 cta
191 1378 310 1425 urbis,
333 1378 434 1418 dicat
454 1378 602 1430 aliquis,
626 1382 665 1416 et
685 1378 839 1416 moenia
860 1383 899 1417 et
919 1391 1005 1418 eam
1027 1378 1193 1427 turbam,
1217 1391 1237 1417 a
1255 1390 1332 1431 qua
1352 1379 1445 1419 urbs
1467 1378 1529 1419 in-

112 1434 262 1474 colitur.
304 1435 425 1474 immo
448 1435 605 1474 hercule
627 1434 849 1486 produntur
870 1448 913 1475 ea
935 1435 1066 1475 omnia
1088 1435 1215 1475 deleto
1243 1435 1319 1475 hoc
1343 1435 1527 1482 exercitu,

112 1502 191 1530 non
220 1497 436 1531 servantur.
480 1491 565 1544 quis
589 1490 696 1530 enim
723 1503 767 1530 ea
788 1489 992 1531 tuebitur?
1022 1491 1176 1531 inbellis
1209 1492 1387 1532 videlieet
1413 1496 1528 1544 atque

111 1547 272 1587 inermis
295 1547 517 1588 multitudo.
547 1552 627 1586 tam
649 1547 817 1594 hercule,
842 1561 959 1599 quam
976 1548 1209 1588 aGallorum
1225 1548 1377 1601 impetu
1395 1548 1532 1588 defen-

110 1604 176 1643 dit.
219 1616 267 1643 an
289 1618 309 1644 a
330 1604 417 1645 Veis
440 1604 653 1645 exercitum
676 1604 959 1656 Camillumque
982 1606 1122 1645 ducem
1153 1603 1436 1657 inplorabunt?
1466 1605 1531 1645 hic

112 1780 153 1784 -
172 1762 370 1800 renuntiar„
387 1760 416 1801 7,
438 1759 492 1801 32,
514 1762 544 1793 1.

158 1829 255 1861 7-9.
293 1830 433 1870 hiscere,
453 1829 484 1869 6,
506 1827 557 1870 16,
575 1828 606 1860 3.
632 1846 675 1851 —-
698 1827 783 1860 Len-

113 1874 206 1906 tulus
235 1875 281 1906 ist
304 1875 370 1906 wel
396 1875 454 1906 der
478 1875 509 1915 8,
528 1874 570 1905 22
590 1873 781 1913 erw'ahnte3

112 1920 202 1952 seine
235 1920 486 1952 Nachkommen
519 1919 676 1951 seheinen
709 1919 783 1951 sich

114 1966 195 1997 nach
212 1965 284 1997 dem
298 1966 373 1998 hier
381 1965 590 1997 berichteten
603 1963 782 1997 Auftreten

112 2011 169 2043 des
197 2010 291 2042 Lent.
318 2010 463 2042 Caudini
483 2015 629 2051 genannt
657 2021 697 2041 zu
724 2011 782 2041 ha-

112 2056 187 2096 ben,
205 2066 230 2088 s.
249 2056 303 2096 26,
327 2057 387 2095 48,
411 2056 465 2096 27,
492 2056 552 2095 21,
576 2056 669 2088 Fast.
690 2066 780 2087 cons.

112 2111 140 2133 a.
167 2102 249 2141 5173
280 2102 364 2140 5183
394 2100 484 2133 Fast.
509 2101 666 2143 triumph.
698 2101 781 2140 518,

113 2146 190 2178 CIL.
210 2156 239 2188 p.
263 2144 333 2178 14f.
357 2166 399 2169 —
418 2157 522 2178 mmm
538 2151 602 2179 etc.
620 2146 665 2178 ist
684 2147 715 2187 5,
729 2147 784 2188 48,

114 2192 133 2224 8
164 2192 257 2223 nicht
283 2191 447 2224 erw'aeihnt.
483 2211 524 2215 m
557 2191 622 2223 illes
651 2191 695 2224 ist
724 2192 782 2223 des

112 2236 330 2269 Naehdrueks
368 2247 484 2277 wegen
525 2237 784 2278 vorangestellt,

113 2283 231 2323 geho'rt
249 2282 330 2314 aber
349 2293 411 2313 nur
429 2293 503 2314 zum
521 2287 632 2314 ersten
653 2281 783 2323 Gliede,

113 2338 139 2359 s.
158 2339 199 2359 zu
217 2327 270 2368 31,
295 2329 349 2368 45,
371 2328 431 2367 1:33
457 2328 510 2368 215¹,
529 2328 582 2367 37,
601 2329 637 2359 (ῶς
656 2327 783 2369 sanclis

113 2376 148 2404 ιιί
166 2383 253 2404 mmo
268 2373 466 2415 pluriwmmz,
491 2375 538 2405 ita
563 2376 640 2405 ωηο
657 2372 725 2405 solo
745 2384 782 2405 eo

113 2417 173 2450 telo
191 2419 387 2459 utebantur,
406 2419 460 2459 23,
480 2420 510 2459 7,
529 2419 566 2450 6:
583 2422 619 2451 ut
637 2429 701 2451 ree.
717 2424 783 2451 etc.

113 2474 143 2494 u.
163 2474 190 2495 a¹
212 2482 253 2486 —
273 2465 427 2506 armatis,
446 2463 477 2502 3,
497 2465 549 2504 50,
569 2464 600 2495 6.
619 2483 661 2486 ——
679 2466 787 2495 animi

114 2507 192 2548 ind„
210 2508 269 2541 der
284 2507 568 2549 Keim,die1i1·aft
586 2509 681 2541 einen
690 2509 784 2541 Muth

116 2563 156 2584 zu
183 2553 301 2594 zeigen
326 2555 388 2586 wie
417 2554 502 2587 mein
521 2554 644 2597 Vater,
668 2555 736 2595 vgl.
756 2566 783 2586 c.

860 1761 910 1802 ιτ,
933 1760 994 1801 103
1014 1760 1066 1804 21,
1084 1762 1116 1802 4,
1137 1762 1187 1795 10.

904 1828 1046 1861 10—16.
1088 1829 1139 1861 vel
1160 1830 1193 1860 in
1222 1839 1278 1869 m„
1306 1829 1351 1861 im
1380 1826 1529 1870 Rampfe,

856 1874 905 1905 als
932 1874 1079 1906 Zeichen
1109 1875 1169 1906 der
1195 1873 1410 1917 Tapferkeit,
1435 1874 1528 1905 w'ah-

857 1920 938 1951 rend
959 1919 1011 1951 die
1029 1919 1198 1952 Devotion
1223 1919 1378 1961 zugleich
1401 1919 1455 1952 die
1473 1930 1528 1951 re-

856 1965 976 2006 ligiose
999 1964 1123 1997 Weihe
1149 1965 1318 2006 andeutet,
1342 1965 1409 2006 vgl.
1430 1965 1461 2006 8,
1488 1965 1527 2004 9,

859 2011 910 2042 10.
940 2029 982 2033 —
1012 2021 1066 2042 me
1092 2010 1138 2042 ist
1161 2010 1423 2043 nachdriicklich
1445 2010 1528 2042 wie—

856 2055 999 2096 derholt,
1025 2067 1050 2088 s.
1071 2056 1102 2097 2,
1120 2056 1174 2095 27,
1194 2056 1229 2095 2,
1249 2056 1281 2097 7,
1299 2055 1354 2096 39,
1375 2056 1426 2087 10.
1464 2055 1528 2088 Pe-

857 2101 1005 2133 rizonius
1031 2111 1134 2133 verm.
1151 2103 1183 2132 et
1208 2102 1241 2133 ίη.
1263 2100 1358 2142 med„
1385 2101 1450 2133 und
1476 2111 1528 2132 er-

856 2146 947 2178 klfirt
965 2146 1014 2179 vel
1029 2146 1201 2179 devovere:
1221 2157 1321 2187 sogar
1340 2158 1370 2178 u.
1389 2157 1415 2178 s.
1430 2156 1470 2177 w.
1486 2165 1528 2169 ——

857 2191 1019 2233 quidquid
1035 2197 1097 2224 etc.
1115 2191 1242 2224 stimmt
1260 2191 1353 2224 nicht
1370 2202 1411 2223 zu
1428 2192 1528 2224 ande—

857 2247 916 2268 ren
935 2236 1064 2269 Stellen
1082 2238 1148 2269 wie
1168 2237 1200 2279 3,
1217 2237 1272 2278 41,
1296 2238 1353 2278 10,
1373 2237 1404 2278 ’7,
1423 2237 1476 2276 25,
1497 2236 1528 2277 8,

857 2283 923 2313 wel
943 2283 1023 2315 aber
1040 2293 1081 2314 zu
1100 2283 1160 2314 der
1176 2283 1311 2314 wahren
1324 2282 1412 2322 Lage
1428 2281 1527 2314 Roms

858 2328 889 2359 in
910 2328 969 2359 der
987 2328 1173 2367 ‹lamaligen
1190 2327 1279 2369 Zeit,
1298 2328 1366 2367 vgl.
1383 2338 1409 2358 e.
1430 2328 1481 2368 19,
1495 2327 1527 2358 2.

856 2384 975 2416 —pro
994 2384 1028 2405 se
1044 2376 1079 2415 ιζ,
1104 2383 1157 2405 uin
1185 2372 1257 2404 sich
1283 2373 1342 2404 der
1367 2373 1528 2404 Schmach

858 2429 898 2449 zu
913 2419 1088 2451 entziehen
1102 2419 1183 2451 oder
1193 2418 1298 2450 Ruhln
1310 2429 1350 2449 zu
1358 2418 1528 2458 erlangen,

858 2474 917 2495 aus
936 2464 1164 2503 Selbstsucht,
1192 2464 1281 2496 nicht
1306 2463 1358 2495 fiir
1383 2463 1441 2495 das
1462 2463 1527 2496 Va-

858 2509 1002 2550 terland,
1021 2510 1089 2550 vgl.
1106 2509 1127 2552 ξ
1140 2509 1189 2541 15.
1204 2528 1245 2532 -—
1263 2510 1360 2550 tecta,
1379 2518 1405 2540 s.
1425 2509 1456 2549 5,
1473 2508 1526 2548 54,

859 2554 888 2586 2.
912 2574 949 2578 -
967 2565 988 2586 a
1007 2554 1101 2597 Veis,
1127 2554 1201 2586 weil
1225 2553 1386 2586 zun‘zichst
1404 2563 1467 2585 von
1486 2553 1527 2584 da

1557 590 1575 622 8

1558 877 1576 907 9

1562 1103 1600 1134 lo

1562 1220 1597 1253 11

1561 1333 1599 1366 12

1558 1504 1595 1537 13

1561 1610 1600 1644 14
