1763 2983
221 189 307 231 324

680 187 805 220 LIBER
829 186 958 220 xxm.
993 187 1083 222 CAP.
1113 191 1164 223 18.

1498 197 1525 214 a..
1546 197 1573 216 u.
1586 190 1649 218 538.

224 293 349 330 donec
383 291 512 342 pudor
552 290 666 329 etiam
693 290 948 329 Hannibalem
985 291 1031 330 ab
1061 291 1215 342 incepto
1242 292 1396 338 avertit,
1435 293 1647 344 castrisque

225 347 462 386 conmunitis
492 359 535 385 ac
564 347 755 398 praesidio
787 347 940 386 modico
970 348 1161 398 inposito,
1191 360 1240 386 ne
1273 348 1414 387 omissa
1444 361 1506 388 res
1537 350 1646 388 vide-

225 410 343 450 retur,
371 404 411 442 in
444 403 605 442 hiberna
636 403 807 454 Capuam
837 404 1039 443 concessit.

338 460 395 498 Ibi
423 466 571 511 partem
601 459 787 498 maiorem
811 460 949 498 hiemis
970 460 1180 499 exercitum
1207 460 1247 499 in
1271 461 1377 499 tectis
1402 460 1545 507 habuit,
1577 462 1649 500 ad-

226 529 362 555 versus
394 516 524 555 omnia
551 517 720 554 humana
743 517 840 554 mala
869 528 981 567 saepe
1008 529 1051 555 36
1081 517 1147 555 (1111
1176 517 1369 563 duratum,
1398 517 1511 556 bonis
1533 518 1646 556 inex-

167 587 203 618 11
225 578 381 624 pertum
403 579 517 622 atque
541 573 750 611 insuetum.
781 573 921 623 itaque,
945 585 1043 623 quos
1064 573 1169 611 nulla
1192 574 1279 612 mali
1301 573 1442 612 vicerat
1466 574 1533 620 vis,
1554 586 1647 624 per-

226 629 358 667 didere
380 629 497 667 nimia
518 629 621 667 bona
644 641 686 667 ac
708 629 924 680 voluptates
954 630 1179 675 inmodicae,
1202 636 1237 668 et
1259 642 1303 667 eo
1327 630 1542 680 inpensius,
1567 642 1644 681 quo

165 690 206 722 12
226 686 374 724 avidius
397 698 444 724 ex
462 685 667 724 insolentia
688 685 727 723 in
751 697 813 723 eas
837 698 877 723 se
897 691 1123 724 merserant.
1155 698 1318 724 somnus
1342 687 1445 724 enim
1465 687 1645 725 etvinum

226 747 263 781 et
282 742 416 792 epulae
437 747 472 780 et
494 747 621 780 scorta
643 741 869 792 balineaque
891 743 1069 788 etotium,
1094 742 1428 780 consuetudinem
1442 743 1522 781 dies
1534 742 1646 781 111311-

227 799 326 844 dius,
345 799 394 837 ita
415 803 699 837 enervaverunt
719 810 885 849 corpora
906 799 1148 849 animosque,
1172 804 1214 836 ut
1235 798 1355 849 magis
1378 798 1516 837 deinde
1532 811 1647 849 prae-

165 867 205 898 13
224 855 356 894 teritae
389 855 567 893 victoriae
594 867 660 893 eos
684 866 799 904 quam
821 861 1042 906 praesentes
1062 859 1280 893 tutarentur
1302 855 1414 901 vires,
1445 855 1648 906 maiusque

223 911 262 949 id
302 917 503 961 pec-catum
547 911 655 949 ducis
697 911 799 961 apud
831 912 974 961 peritos
1003 911 1144 949 artium
1175 911 1396 949 militarium
1427 911 1647 961 haberetur,

226 979 343 1018 quam
374 968 479 1018 quod
508 979 589 1005 non
621 979 667 1005 ex
689 967 883 1005 Cannensi
903 968 981 1005 3616
1002 967 1182 1018 protinus
1204 967 1249 1005 ad
1271 967 1409 1005 urbem
1429 968 1645 1006 Romanam

225 1024 416 1062 duxisset:
456 1024 515 1062 illa
555 1024 657 1061 enim
700 1023 892 1061 cunctatio
924 1023 1115 1061 distulisse
1146 1024 1264 1061 modo
1296 1023 1496 1062 victoriam
1524 1024 1647 1063 videri

166 1083 207 1114 14
226 1080 360 1130 potuit,
390 1080 453 1117 hic
481 1092 592 1117 error
615 1079 714 1117 vires
748 1079 937 1117 ademisse
960 1080 1006 1117 ad
1028 1079 1277 1117 vincendum.
1327 1080 1456 1129 itaque
1476 1081 1646 1129 hercule,

224 1137 329 1174 velut
349 1136 380 1174 si
403 1148 493 1173 cum
516 1136 588 1174 alio
613 1135 782 1174 exercitu
805 1149 824 1173 a
848 1136 976 1186 Capua
998 1136 1128 1182 exiret,
1159 1136 1254 1173 nihil
1273 1148 1440 1185 usquam
1463 1137 1646 1186 pristinae

166 1192 205 1224 15
225 1192 448 1243 disciplinae
469 1192 604 1231 tenuit.
642 1204 733 1231 113111
763 1198 799 1230 et
826 1192 1218 1242 redieruntplerique
1241 1192 1376 1231 scortis
1398 1192 1568 1242 inpliciti,
1598 1199 1646 1240 et,

227 1249 291 1287 11111
313 1249 483 1299 primum
505 1248 577 1287 suh
603 1249 766 1299 pellibus
788 1249 920 1287 haberi
943 1249 1068 1299 coepti
1089 1255 1201 1295 sunt,
1233 1249 1371 1298 viaque
1393 1254 1429 1287 et
1450 1249 1546 1288 alius
1569 1250 1644 1288 mi*

222 1305 340 1344 litaris
368 1305 478 1343 labor
508 1306 668 1356 excepit,
696 1305 870 1344 tironum
901 1305 1019 1343 modo
1044 1305 1275 1355 corporibus
1305 1305 1522 1355 animisque
1548 1306 1645 1344 defi-

165 1364 205 1396 16
225 1361 387 1409 ciebant,
420 1367 456 1399 et
476 1361 614 1400 deinde
636 1374 705 1412 per
727 1374 843 1400 omne
865 1362 1099 1400 aestivorum
1121 1367 1275 1411 tempus
1297 1374 1435 1411 magna
1453 1374 1543 1412 pars
1562 1362 1645 1401 sine

223 1474 352 1505 liorcet.
376 1484 401 1504 6.
430 1475 482 1506 37.
503 1492 543 1495 -
558 1475 667 1512 pudor
691 1480 739 1512 et„
766 1483 899 1504 ausser—

225 1520 294 1550 dem
336 1520 411 1550 dass
453 1529 488 1550 er
523 1519 626 1550 durch
657 1519 899 1559 Belagerungs—

224 1565 339 1596 werke
375 1564 482 1595 nichts
515 1564 726 1595 ausrichtete.
752 1582 796 1586 —-
829 1575 900 1595 eon-

224 1613 331 1645 cessit,
372 1610 430 1641 der
457 1609 615 1641 VVechsel
643 1610 698 1641 des
725 1608 898 1649 Sul-›jectes

224 1655 269 1687 ist
297 1654 389 1686 nicht
412 1655 556 1686 st'orend.

273 1702 414 1733 10—13.
443 1703 478 1731 in
503 1702 605 1739 tectis,
639 1699 731 1730 nicht
753 1701 811 1731 snb
829 1702 898 1739 pel-

224 1748 316 1783 libus,
344 1747 362 1785 ξ
384 1747 433 1778 15.
447 1763 490 1767 —
508 1756 605 1784 saepe,
631 1745 664 1776 in
680 1744 789 1776 vielen
810 1745 898 1776 Ver-

222 1791 420 1830 h'altnissen,
440 1791 493 1822 1161
508 1791 617 1822 vielen
629 1789 895 1830 Gelegenheiten.

249 1856 257 1857 ff
279 1840 439 1876 duratum,
466 1839 497 1875 7,
527 1838 579 1873 29,
611 1838 644 1869 5:
662 1838 803 1876 fluentes
822 1839 900 1867 luxu

221 1884 259 1913 ab
284 1884 409 1914 duratis
432 1894 492 1913 usu
517 1892 701 1920 (M‘onorumJ
740 1883 800 1921 30,
842 1883 896 1921 28,

223 1930 252 1961 5.
277 1945 323 1950 —-
352 1929 456 1965 bom's,
497 1928 546 1958 als
571 1927 646 1960 Abl.
681 1938 721 1957 zu
748 1927 896 1965 nehmen,

221 1971 299 2003 Tac.
326 1972 362 2003 H.
384 1974 412 2011 1,
443 1974 480 2006 S:
508 1975 594 2004 bellis
611 1975 793 2011 inexpertus
817 1972 898 2003 iiber

220 2020 364 2049 insuetus
398 2028 422 2048 5.
456 2018 517 2057 28,
557 2020 615 2057 18,
658 2019 696 2049 6:
739 2019 897 2048 insuetum

221 2065 360 2094 moribus
378 2065 552 2100 Romanis;
590 2062 704 2092 Colum
730 2064 759 2101 6,
787 2063 824 2094 4:
862 2073 897 2093 ea

222 2107 377 2150 (amurca)
408 2119 506 2146 pecus
538 2110 713 2145 insuescas,
749 2106 814 2138 wie
840 2109 895 2138 ccd-

221 2160 326 2185 suetus
354 2154 407 2192 31,
435 2154 487 2189 35,
517 2154 546 2192 3,
577 2153 617 2183 da
635 2152 717 2183 auch
734 2155 828 2183 sonst
849 2152 896 2183 oft

222 2199 279 2230 der
302 2197 379 2232 Abl,
397 2198 457 2228 mit
482 2198 553 2229 dem
578 2197 630 2229 bei
647 2199 790 2229 insuetus
805 2197 896 2227 nicht

221 2243 515 2284 ungew'dhnlichen
541 2242 695 2282 Genitiv,
721 2253 744 2275 S.
771 2244 811 2279 6,
841 2244 893 2281 34,

222 2293 259 2329 53
302 2288 394 2320 Caes.
433 2289 466 2319 B.
494 2287 526 2321 C.
565 2290 601 2328 1,
627 2290 689 2327 44,
723 2287 895 2321 wechselt.

220 2334 351 2366 Andere
377 2334 574 2365 hetrachten
598 2335 686 2365 bom's
708 2333 756 2364 315
781 2333 894 2373 Datis,

219 2379 298 2410 weil
327 2379 362 2410 L.
389 2379 483 2410 beide
501 2379 694 2410 Ausdriicke
722 2378 894 2409 bisweilen

223 2424 282 2455 mit
306 2426 349 2455 ad
376 2424 559 2462 verbindet,
586 2435 610 2456 5.
638 2426 668 2463 6,
699 2425 749 2464 18,
780 2426 819 2460 43
845 2427 894 2455 in-

219 2477 324 2501 suetus
348 2472 390 2501 ad
413 2471 473 2509 31,
502 2471 562 2509 35,
593 2471 631 2512 63
656 2470 721 2509 41,
748 2470 803 2509 20,
836 2471 893 2505 11;

222 2513 259 2545 h'.
288 2516 360 2547 173.
385 2532 430 2536 ——
455 2526 492 2546 ez
516 2517 624 2553 insol„
663 2516 725 2553 21,
760 2516 820 2553 39,
855 2516 892 2546 2:

220 2560 304 2590 nach
314 2560 418 2591 einem
428 2559 538 2591 Leben
549 2558 891 2599 vollEnthehruugen.

218 2621 261 2627 —-
287 2609 464 2637 consuetud.
498 2609 572 2644 etc„
599 2616 624 2636 s.
650 2604 726 2636 Tac.
754 2604 833 2644 Agr.
854 2606 892 2637 3:

967 1475 1051 1504 subit
1080 1493 1119 1498 —
1153 1476 1245 1505 etium
1276 1475 1377 1512 ipsius
1409 1475 1541 1505 inertiae
1573 1476 1647 1505 dul-

968 1521 1057 1557 eedo,
1084 1525 1111 1550 et
1137 1521 1241 1550 invisa
1262 1521 1366 1557 primo
1393 1521 1513 1550 desidia
1538 1521 1576 1560 (s.
1606 1519 1641 1551 L.

969 1565 1022 1601 22,
1050 1565 1088 1603 9,
1128 1564 1160 1600 5)
1180 1570 1338 1603 postremo
1364 1570 1499 1596 amatur.
1523 1582 1567 1585 —
1591 1566 1645 1596 ba-

969 1612 1070 1649 linea,
1100 1619 1124 1640 s.
1151 1608 1240 1640 Neue
1272 1611 1306 1645 1,
1341 1611 1415 1642 572.
1443 1628 1486 1631 —
1506 1616 1644 1649 protm„

969 1656 1029 1693 22,
1067 1656 1128 1693 42,
1168 1656 1197 1687 3.
1223 1673 1265 1676 —
1291 1657 1447 1694 (lanz-isset,
1476 1655 1560 1686 113611
1585 1655 1644 1686 der

968 1699 1107 1731 Ansicht
1131 1699 1189 1731 der
1205 1698 1503 1740 Iiriegskundigen.
1529 1719 1567 1723 —
1594 1712 1643 1732 er-

967 1757 1022 1777 ror
1066 1745 1118 1776 ein
1150 1744 1273 1776 Fehler
1305 1755 1362 1776 aus
1399 1745 1551 1778 Irrthum.
1600 1749 1645 1779 ad

966 1793 1108 1823 vincenci.
1134 1791 1252 1831 gehort
1272 1801 1312 1821 zu
1329 1793 1421 1831 vires,
1447 1793 1477 1831 4,
1500 1794 1553 1831 48,
1585 1793 1642 1824 14:

959 1839 1036 1875 plus
1062 1838 1180 1868 virium
1197 1847 1260 1868 esse
1275 1838 1319 1868 ad
1334 1839 1540 1869 resistendmn
1549 1849 1560 1875 ,·
1585 1838 1640 1877 30,

970 1883 1021 1917 16,
1050 1882 1068 1914 3
1093 1892 1123 1912 11.
1151 1892 1180 1913 3.

1014 1928 1156 1959 14-16.
1183 1939 1203 1957 α
1230 1929 1323 1967 Cast,
1359 1928 1420 1966 21,
1451 1928 1501 1966 13,
1536 1929 1566 1959 7.
1598 1946 1639 1950 —--

968 1983 1112 2012 usquam,
1138 1971 1170 2001 in
1196 1971 1310 2012 irgend
1336 1971 1426 2002 einer
1446 1971 1643 2013 Beziehung.

970 2034 1011 2038 —
1038 2019 1154 2056 tenuit,
1187 2017 1309 2048 konnte
1338 2015 1490 2047 aufrecht
1515 2017 1640 2058 hulten,

966 2072 990 2092 s.
1017 2063 1056 2101 4,
1096 2063 1154 2097 10,
1191 2063 1220 2094 S.
1246 2079 1290 2083 —-
1315 2064 1469 2102 inpliciti,
1495 2062 1641 2094 konnten

965 2106 1035 2137 sich
1076 2106 1167 2137 nicht
1205 2111 1354 2138 treunen.
1388 2125 1430 2129 —
1466 2109 1522 2138 sub
1550 2111 1641 2148 pell„

966 2151 1057 2183 nicht
1082 2152 1115 2182 in
1136 2151 1472 2193 XViuterquartieren,
1498 2153 1640 2184 sondern

966 2201 1064 2228 uuter
1100 2196 1235 2234 Zelten,
1275 2198 1358 2228 113611
1391 2198 1461 2228 dem
1486 2197 1639 2239 Auszuge

965 2252 1022 2273 aus
1044 2243 1103 2274 der
1120 2242 1227 2279 stadt,
1253 2253 1278 2274 6.
1305 2245 1356 2282 19,
1386 2244 1424 2284 13
1451 2243 1516 2283 vgl.
1535 2242 1638 2284 Marq.

966 2289 1005 2321 3.
1034 2289 1072 2327 2,
1099 2289 1182 2327 322,
1209 2288 1358 2319 (135561116
1386 2287 1468 2328 liegt
1494 2288 1525 2318 in
1549 2300 1639 2320 omne

965 2335 1071 2364 aestz'v.
1100 2339 1229 2373 tempus.
1254 2351 1298 2355 ——
1323 2336 1456 2372 excepit,
1493 2334 1554 2370 21,
1581 2335 1635 2373 48,

965 2380 994 2411 S.
1020 2395 1063 2399 -
1101 2380 1298 2418 deficiebant,
1339 2388 1372 2409 65
1404 2377 1508 2410 fehlte
1540 2377 1638 2409 ihnen

964 2433 1004 2454 311
1032 2422 1193 2463 Energie,
1233 2424 1300 2463 vgl.
1322 2425 1385 2461 22,
1420 2425 1458 2462 2,
1485 2424 1522 2462 6,
1548 2424 1638 2454 steht

963 2468 1141 2500 chiastisch
1177 2479 1215 2499 zu
1251 2472 1424 2500 redierunt.
1463 2486 1505 2490 —
1536 2471 1632 2500 tiron.

963 2517 1070 2555 modo,
1096 2513 1130 2545 L.
1158 2514 1297 2545 braucht
1321 2513 1414 2544 viell.
1442 2517 1552 2545 zuerst
1578 2514 1635 2544 das

963 2559 1114 2590 6111136116
1138 2561 1227 2590 modo
1254 2558 1313 2589 mit
1336 2558 1440 2589 61116111
1461 2557 1584 2597 Genit.,
1610 2568 1636 2589 s.

962 2615 1002 2635 zu
1025 2606 1087 2643 24,
1114 2605 1168 2643 39,
1197 2606 1235 2637 6:
1262 2605 1315 2643 27,
1344 2605 1396 2639 41,
1424 2605 1462 2642 93
1494 2602 1633 2636 1{.178.
