1763 2983
716 168 840 202 LIBER
864 169 924 202 IX.
962 168 1054 202 CAP.
1081 170 1113 202 7.
1138 171 1169 202 S.
1510 178 1533 195 a.
1553 178 1580 197 u.
1601 170 1662 197 ⁴134.

184 285 221 317 13
253 276 297 322 Q.
320 274 480 313 Fabium
505 274 741 312 Ambustum
763 273 943 312 dixerunt
964 278 1002 311 et
1023 273 1064 311 P.
1077 273 1229 312 Aelium
1252 273 1414 312 Paetum
1437 273 1661 324 magistrum

182 343 221 374 14
252 331 447 382 equitum·‚
469 330 610 382 quihus
633 330 723 369 vitio
746 329 885 369 creatis
908 330 1059 369 suffecti
1079 329 1127 368 M.
1138 330 1324 369 Aemilius
1346 329 1473 381 Papus
1497 329 1663 369 dictator

248 389 291 427 L.
314 387 489 426 Valerius
511 388 670 426 Flaccus
692 387 876 438 magister
898 387 1089 438 equitum.
1140 398 1212 426 nec
1233 398 1303 437 per
1324 398 1391 425 eos
1418 386 1571 425 comitia
1592 386 1662 426 ha-

249 445 347 490 hita3
378 451 416 483 et
438 444 525 495 quia
542 443 722 483 taedebat
738 443 925 495 populum
944 443 1121 482 omnium
1140 443 1439 493 magistratuum
1456 442 1540 483 eius
1555 443 1660 489 anni,

180 510 218 541 15
248 514 310 541 res
333 502 379 540 ad
402 501 669 552 interregnum
691 500 817 539 rediit.
858 501 1075 550 interreges
1098 500 1141 546 Q.
1154 499 1295 538 Fabius
1314 499 1504 539 Maximus
1526 499 1660 540 M.Va-

248 558 368 597 lerius
390 557 550 596 Corvus.
599 558 630 596 is
660 559 839 596 consules
870 557 1009 596 creavit
1030 556 1074 602 Q.
1098 556 1308 595 Publilium
1328 556 1531 595 Philonem
1561 561 1599 595 et
1620 556 1661 594 L.

248 614 447 666 Papirium
470 614 677 654 Cursorem
700 614 843 653 iterum
864 614 967 652 haud
991 613 1109 652 dubio
1132 624 1328 652 consensu
1351 612 1524 661 civitatis,
1556 613 1660 665 quod

249 671 344 711 nulli
367 684 410 710 ea
431 676 665 723 tempestate
687 672 803 709 duces
826 670 1004 709 clariores
1027 675 1170 708 essent.

191 734 218 772 8
361 728 447 775 Quo
476 728 591 767 creati
614 734 708 766 sunt
730 727 809 773 die,
842 740 887 765 eo
910 749 963 754 ——
993 726 1047 765 sic
1069 726 1173 765 enim
1194 727 1389 778 placuerat
1409 725 1586 777 patribus
1607 749 1662 753 —

245 786 515 837 magistratum
536 785 718 830 inierunt,
740 783 1075 834 sollemnibusque
1096 789 1254 822 senatus
1272 782 1460 822 consultis
1477 783 1661 834 perfectis

245 843 291 881 de
322 855 415 893 paee
438 841 610 881 Caudina
642 840 899 887 rettulerunt3
932 845 970 878 et
1000 840 1199 886 Publilius,
1236 851 1359 891 penes
1390 852 1506 891 quem
1538 840 1661 879 fasces

198 908 217 938 2
247 903 373 937 erant:
408 898 508 946 „dic,
542 898 607 949 Sp.
631 897 847 944 Postumi,“
880 897 1018 947 inquit.
1056 896 1121 948 qui
1144 896 1210 935 ubi
1231 896 1412 942 surrexit,
1436 897 1576 935 eodem
1597 895 1662 934 illo

199 964 217 994 3
248 956 368 1002 vultu,
401 968 477 1006 quo
500 955 573 994 suh
595 954 726 1005 iugum
750 955 893 993 missus
917 959 1016 992 erat:
1048 954 1176 999 „haud
1199 966 1285 992 sum
1307 954 1493 1004 ignarus“
1522 952 1662 1004 inquit,

248 1012 469 1060 „consules,
492 1011 738 1063 ignominiae,
762 1022 841 1048 non
862 1010 1023 1049 honoris
1045 1023 1159 1049 causa
1181 1023 1243 1049 me
1259 1010 1430 1062 primum
1453 1009 1663 1048 excitatum

244 1069 471 1120 iussumque
493 1069 632 1113 dicere,
655 1079 735 1106 non
756 1072 955 1118 tamquam
980 1072 1216 1114 senatorem,
1239 1068 1306 1105 sed
1329 1072 1526 1118 tamquam
1549 1078 1662 1105 reum

198 1136 217 1166 4
249 1138 323 1177 qua
344 1124 510 1164 infelicis
531 1124 633 1170 belli,
656 1137 731 1175 qua
753 1123 1031 1175 ignominiosae
1052 1124 1171 1176 pacis.
1224 1136 1292 1175 ego
1323 1129 1476 1169 tamen,
1510 1123 1662 1174 quando

247 1190 375 1233 neque
394 1181 440 1220 de
462 1193 562 1220 noxa
583 1186 716 1220 nostra
737 1193 865 1232 neque
887 1181 935 1220 de
955 1192 1081 1232 poena
1102 1180 1326 1225 rettulistis,
1356 1180 1498 1219 omissa
1527 1180 1663 1218 defen-

246 1239 369 1285 sione,
402 1250 500 1290 quae
522 1249 603 1277 non
625 1237 850 1277 difficillima
870 1242 974 1276 esset
995 1238 1097 1289 apud
1118 1237 1221 1276 haud
1242 1237 1398 1288 ignaros
1414 1236 1662 1276 fortunarum

250 1296 509 1335 humanarum
529 1295 910 1345 necessitatiumque,
933 1294 1167 1333 sententiam
1190 1294 1237 1332 de
1260 1307 1318 1341 eo,
1341 1294 1387 1332 de
1409 1306 1486 1345 quo
1508 1293 1662 1332 rettuli-

248 1352 330 1399 stis,
354 1352 488 1403 paucis
509 1363 710 1403 peragam,
734 1364 831 1402 quae
853 1351 1046 1390 sententia
1071 1350 1181 1389 testis
1204 1351 1287 1397 erit,
1310 1350 1458 1389 mihine
1477 1362 1525 1389 an
1542 1349 1664 1401 legio·
1750 1347 1757 1394 ξ

248 1501 340 1533 nicht
365 1500 658 1533 iibereinstimmt:
684 1500 746 1532 den
764 1500 920 1533 Dictator

248 1547 395 1586 dagegen
415 1551 578 1578 ernannte
607 1547 667 1578 der
685 1546 808 1577 Consul
827 1546 919 1577 nicht

249 1591 431 1633 offentlich,
450 1601 477 1622 s.
497 1602 525 1623 c.
546 1592 600 1631 38,
623 1592 673 1623 14.

295 1637 437 1670 13—15.
456 1636 586 1669 Fabius
602 1636 725 1668 ko'nnte
744 1637 803 1668 der
818 1635 848 1676 8,
866 1636 920 1676 29,

248 1682 267 1713 9
285 1681 470 1722 erw'aeihnte,
489 1681 571 1714 aber
588 1681 648 1714 mit
666 1682 737 1713 dem
751 1681 920 1714 Zunamen

247 1728 305 1760 des
314 1727 439 1760 Vaters
452 1727 658 1767 bezeichnet,
675 1727 844 1759 Aemilius
861 1727 920 1759 der

248 1772 324 1805 CIL.
349 1783 380 1815 p.
399 1773 482 1813 280,
511 1773 580 1812 vgl.
607 1772 672 1804 564
690 1772 735 1805 M.
754 1771 921 1805 Aemilius

252 1818 287 1857 0.
318 1819 348 1859 s'.
378 1817 414 1850 L.
444 1829 476 1851 n.
505 1817 654 1850 Barbula
687 1818 831 1849 dictator
863 1827 920 1858 ge-

248 1867 369 1895 nannte
397 1863 479 1895 sein.
499 1882 537 1885 —
561 1865 635 1895 vitio
662 1874 718 1906 ctu,
743 1863 774 1904 8,
799 1862 851 1894 23.
879 1882 921 1886 ——

248 1919 318 1949 nec,
349 1908 430 1941 aber
453 1909 537 1941 auch
566 1909 671 1941 nicht.
690 1927 730 1931 ——
763 1907 920 1948 taedebat,

248 1954 315 1994 vgl.
352 1953 382 1992 S,
419 1955 471 1995 17,
502 1954 534 1985 4.
567 1955 735 1997 populum,
773 1953 825 1985 die
858 1953 920 1985 Be—

248 2000 430 2040 stimmuug
463 1999 561 2039 gieng
593 2010 668 2032 vom
695 1999 816 2031 Senate
850 2008 920 2030 aus.

248 2047 368 2076 interr.
389 2055 418 2076 n.
438 2045 553 2086 fuere.
574 2046 612 2085 ιἐ,
632 2050 704 2077 erst
723 2045 783 2077 der
801 2044 920 2076 zweite

249 2089 415 2122 vollzieht
447 2090 499 2121 die
518 2089 633 2132 Wahl,
656 2101 680 2122 s.
710 2090 739 2131 3,
766 2091 796 2131 8,
823 2090 861 2130 2;
890 2090 920 2129 ὃ,

248 2137 279 2175 3,
298 2137 328 2166 5.
348 2154 389 2157 -
409 2134 605 2175 Publilium,
633 2135 664 2177 8,
686 2136 740 2175 22,
768 2145 805 2167 er
822 2135 866 2166 ist
886 2145 920 2166 es

248 2182 400 2217 terte'un13
422 2180 604 2223 Papiriam
623 2191 648 2212 s.
669 2180 699 2220 8,
725 2181 784 2221 233
812 2180 919 2219 beide,

250 2226 332 2257 nach
349 2226 421 2257 dem
441 2224 564 2257 Gesetz
583 2226 614 2266 7,
632 2226 686 2263 42,
708 2236 770 2257 vor
787 2226 846 2257 der
864 2236 920 2265 ge-

249 2270 491 2309 setzmtissigen
510 2271 589 2302 Zeit
612 2271 738 2304 wieder
756 2270 918 2312 gewiihlt:

249 2317 361 2357 Lange
380 2316 410 2356 2,
437 2317 512 2348 54⁴3.
534 2335 574 2338 Α
593 2327 756 2347 consensu
774 2317 845 2355 citu,
865 2315 919 2347 die

251 2361 352 2394 wahl
370 2371 442 2393 war
459 2361 674 2401 einstimmig,
694 2361 726 2398 4,
747 2363 799 2400 51,
821 2362 850 2392 3.

293 2401 335 2439 8·
368 2406 464 2439 1—2.
484 2408 532 2438 sic
548 2418 599 2437 en.
615 2407 672 2449 pl„
691 2408 724 2438 in
743 2406 917 2438 {ihnlirhen

249 2452 367 2484 Fiillen
402 2452 504 2484 findet
537 2452 648 2483 dieser
681 2452 806 2483 Zusatz
847 2452 918 2483 sich

250 2498 355 2536 nicht,
387 2498 445 2529 der
463 2498 530 2530 wol
558 2497 729 2537 andeutct,
759 2498 834 2529 dass
864 2498 917 2529 die

251 2543 397 2575 Consulit
413 2544 465 2575 ihr
480 2543 557 2574 Amt
571 2542 686 2575 friiher
699 2544 749 2574 als
764 2544 919 2582 gewiihn-

251 2589 318 2621 lich
336 2593 501 2630 antretcu,
521 2599 546 2621 s.
564 2587 743 2621 Mommsen
763 2588 919 2621 Chrouol.

995 1500 1029 1532 S.
1060 1502 1140 1539 1013
1165 1499 1308 1532 Zonar.:
1342 1498 1425 1536 τοὺς
1448 1494 1478 1531 ὁο
1504 1495 1664 1536 ὑπάτους

993 1544 1060 1589 μὲν
1074 1548 1279 1590 παραυτίκα
1294 1543 1468 1577 ἔπαυσαν.
1481 1564 1522 1568 --
1531 1544 1662 1576 sollem-

995 1592 1082 1632 nib.‚
1109 1601 1135 1623 s.
1155 1591 1208 1631 21,
1229 1590 1283 1631 63,
1302 1590 1332 1622 8.
1349 1609 1391 1613 —-
1415 1590 1540 1632 fasces,
1561 1591 1591 1632 8,
1614 1590 1663 1632 12,

998 1636 1047 1668 13.
1090 1636 1211 1668 Dieser
1234 1637 1326 1668 hatte
1351 1636 1413 1667 den
1438 1636 1592 1668 Vorsitz.
1619 1655 1662 1659 —

991 1692 1084 1724 pace,
1099 1692 1124 1713 s.
1141 1692 1168 1713 c.
1187 1682 1215 1722 1,
1234 1683 1260 1714 1.
1277 1700 1319 1704 —
1333 1680 1385 1713 dic
1400 1685 1475 1721 etc„
1493 1683 1521 1722 1,
1536 1679 1662 1722 32,12:

995 1727 1258 1768 quz'd——censes,
1280 1737 1312 1757 n.
1339 1725 1379 1758 de
1396 1736 1478 1769 pace
1501 1725 1663 1766 Caudina,

995 1773 1062 1813 vgl.
1081 1773 1112 1814 8,
1131 1773 1185 1812 20,
1209 1774 1266 1810 113
1284 1771 1410 1804 Becker
1428 1771 1460 1812 2,
1474 1771 1506 1811 2,
1523 1771 1600 1803 429.
1620 1791 1662 1795 ——

995 1819 1112 1860 inquit,
1133 1818 1162 1859 1,
1178 1817 1231 1859 32,
1251 1816 1280 1848 6.
1294 1835 1338 1840 -
1355 1818 1520 1857 surremit,
1538 1816 1590 1848 die
1604 1817 1664 1849 Se-

996 1869 1135 1895 natoren
1164 1863 1294 1896 hielten
1328 1862 1465 1903 langere
1495 1862 1662 1902 Vortr'zige

996 1909 1144 1948 steheud,
1174 1909 1228 1948 27,
1253 1907 1307 1948 34,
1333 1908 1372 1948 73
1397 1907 1511 1948 Lange
1538 1906 1569 1948 2,
1587 1907 1663 1940 353.

994 1973 1037 1976 ἡ
1054 1954 1123 1985 eod.
1143 1954 1208 1993 e'IIo,
1227 1964 1252 1985 s.
1273 1953 1303 1994 2,
1323 1953 1352 1993 2,
1374 1954 1430 1992 103
1451 1952 1494 1984 ib.
1514 1951 1568 1994 36,
1586 1953 1616 1985 4.

1041 1999 1140 2030 344.
1167 1997 1326 2040 consules,
1345 2008 1383 2030 er
1399 1998 1495 2032 redet
1508 1998 1597 2030 diese
1611 2008 1664 2039 an,

996 2045 1075 2076 weil
1093 2044 1165 2076 sich
1183 2046 1242 2077 das
1257 2043 1409 2084 sogleich
1422 2043 1591 2084 Folgende
1609 2043 1668 2075 auf

995 2090 1167 2121 dieselben
1185 2089 1327 2129 bezieht,
1344 2090 1411 2130 vgl.
1431 2101 1458 2121 c.
1480 2089 1510 2128 9,
1544 2090 1594 2122 10.
1621 2108 1662 2112 --

993 2145 1060 2166 non
1076 2136 1219 2176 honoris,
1246 2134 1323 2166 weil
1343 2140 1438 2167 sonst
1456 2144 1517 2165 nur
1535 2134 1588 2166 die
1606 2144 1664 2166 an-

994 2181 1214 2221 gesehensten
1241 2179 1382 2212 Manner
1410 2183 1522 2212 zuei-st
1551 2178 1664 2219 ausge-

995 2226 1091 2257 rufen
1110 2227 1256 2264 werden,
1285 2236 1312 2256 s.
1340 2226 1370 2265 5,
1398 2226 1451 2265 20,
1475 2225 1506 2256 4.
1530 2243 1571 2247 ——
1596 2236 1662 2256 non

994 2274 1095 2312 tamq.
1117 2276 1191 2312 ete,
1210 2282 1235 2303 s.
1255 2269 1325 2302 Cic.
1345 2271 1443 2303 Verr.
1463 2271 1493 2310 5,
1521 2270 1575 2309 31,
1602 2270 1663 2302 82:

993 2318 1026 2347 si
1053 2327 1116 2348 non
1144 2320 1311 2358 tamqnam
1345 2318 1454 2348 virum
1483 2313 1546 2346 sed
1575 2317 1662 2346 tam-

993 2372 1089 2403 quam
1106 2362 1273 2393 aemulum
1288 2363 1493 2392 removisset.
1504 2377 1548 2382 -—
1560 2371 1662 2392 noa-11.

995 2410 1026 2447 8,
1045 2407 1098 2447 35,
1118 2408 1154 2447 5,
1187 2409 1218 2447 3,
1243 2406 1298 2445 42,
1332 2406 1361 2447 2,
1392 2406 1435 2437 im
1453 2405 1662 2445 (legensatze

997 2466 1006 2484 x
1019 2463 1058 2483 on
1070 2462 1194 2495 poena:
1211 2450 1548 2484 Widersetzlichkeit
1558 2460 1662 2491 gegen

995 2498 1055 2529 den
1087 2497 1217 2529 Willen
1247 2498 1305 2528 des
1335 2497 1466 2528 Staates
1483 2520 1490 2535 ,
1529 2496 1579 2526 die
1614 2496 1662 2528 sie

996 2544 1026 2573 in
1045 2543 1105 2574 der
1122 2542 1425 2582 Ueberschreitung
1452 2542 1546 2572 ihrer
1564 2540 1661 2573 voll-

995 2590 1102 2621 iuacht
1121 2598 1159 2619 an
1179 2588 1240 2620 den
1259 2586 1330 2627 Tag
1346 2587 1459 2628 gelegt
1484 2587 1599 2619 haben.
1620 2606 1660 2609 ›—
