1763 2983
116 183 142 201 ι.
162 175 213 201 οι..
232 173 294 202 29³.
619 171 746 204 LiBER
769 170 814 204 x.
852 171 946 205 CAP.
974 171 1025 205 12.
1448 171 1525 211 401

113 276 233 322 missi,
257 276 323 328 qui
345 275 561 314 Samnitem
584 273 770 312 decedere
791 286 884 324 agro
905 274 1102 313 sociorum
1123 286 1167 313 ac
1196 274 1389 313 deducere
1418 284 1530 312 exer-

112 333 229 372 citum
250 332 393 371 finibus
414 331 579 370 Lucanis
601 329 796 369 iuberent.
839 330 981 382 quibus
1004 331 1155 382 obviam
1178 331 1288 370 missi
1309 331 1355 370 ab
1373 330 1530 370 Samni-

111 389 226 436 tibus,
250 390 318 441 qui
341 388 631 433 denuntiarent,
661 387 693 426 si
723 387 827 437 quod
855 388 1030 426 adissent
1055 388 1095 427 in
1119 388 1277 426 Samnio
1307 387 1529 433 concilium,

110 447 213 485 haud
249 446 452 485 inviolatos
489 445 675 484 abituros.
727 444 823 482 haec
850 449 1059 495 postquam
1088 445 1218 484 audita
1247 449 1341 484 sunt
1369 445 1528 490 Romae,
1559 445 1578 476 3

110 502 257 543 bellum
279 502 520 542 Samnitibus
543 506 581 540 et
602 506 732 552 patres
755 507 997 540 censuerunt
1018 507 1057 540 et
1078 502 1247 553 populus
1270 502 1393 541 iussit.
1435 512 1532 540 con-

110 561 212 599 sules
241 560 344 599 inter
371 572 412 598 se
443 559 664 611 provincias
694 558 826 608 partiti
853 563 967 603 sunt3
997 558 1170 609 Scipioni
1198 559 1367 604 Etruria,
1396 558 1530 597 Fulvio

111 617 307 656 Samnites
330 617 586 662 obvenerunt,
610 615 828 665 diversique
851 615 897 653 ad
920 627 1036 653 suum
1060 615 1227 667 quisque
1243 615 1387 654 bellum
1409 615 1532 667 profi-

109 674 321 714 ciscuntur.
365 673 541 725 Scipioni
561 685 679 723 segne
700 672 845 710 bellum
867 678 905 710 et
926 672 1051 710 simile
1080 673 1221 722 prioris
1251 673 1342 710 anni
1370 672 1530 710 militiae
1560 674 1580 706 4

110 731 329 783 expectanti
358 731 492 769 hostes
528 730 574 768 ad
606 729 825 768 Volaterras
854 730 1048 767 instructo
1077 729 1230 779 agmine
1263 734 1533 768 occurrerunt.

109 793 325 840 pugnatum
344 787 489 826 maiore
506 791 615 838 parte
638 786 714 825 diei
736 798 874 837 magna
893 786 1091 837 utrimque
1108 787 1246 833 caede,
1268 798 1344 824 nox
1361 786 1529 832 incertis,
1560 789 1579 819 5

109 859 183 897 qua
201 846 288 885 data
304 845 464 884 victoria
481 849 596 889 esset,
614 844 838 882 intervenit.
872 843 1157 894 luxinsequens
1167 843 1356 882 victorem
1367 843 1533 882 victum—

110 903 396 954 que-ostendit,
415 913 505 941 nam
523 901 677 939 Etrusci
693 900 846 939 silentio
865 900 990 939 noctis
1009 906 1133 939 castra
1151 901 1407 952 reliquerunt.
1449 900 1528 938 Ro—
1559 902 1578 932 6

109 972 247 999 manus
277 972 458 1010 egressus
488 959 529 998 in
561 957 682 997 aciem
715 957 780 996 ubi
813 957 1055 1008 profectione
1092 958 1265 996 hostium
1303 969 1530 996 concessam

112 1017 309 1056 victoriam
333 1017 448 1062 videt,
471 1027 702 1067 progressus
724 1015 770 1053 ad
795 1020 917 1053 castra
939 1015 1068 1053 vacuis
1091 1028 1180 1053 cnm
1203 1015 1370 1066 plurima
1391 1014 1533 1065 praeda

109 1098 164 1102 —
185 1086 275 1113 nam
298 1080 337 1112 et
359 1073 496 1112 stativa
519 1078 557 1111 et
579 1072 727 1122 trepide
750 1072 901 1110 deserta
923 1074 1079 1111 fuerant
1100 1095 1155 1100 ——
1176 1072 1338 1123 potitur.
1383 1072 1473 1109 inde
1490 1071 1530 1109 in
1562 1075 1578 1105 7

110 1131 298 1170 Faliscum
319 1143 454 1181 agrum
478 1130 597 1181 copiis
628 1129 802 1167 reductis
832 1141 919 1167 cum
950 1129 1222 1179 inpedimenta
1250 1128 1410 1167 Faleriis
1439 1140 1530 1167 cum

110 1188 262 1227 modico
285 1187 476 1239 praesidio
498 1186 734 1238 reliquisset,
767 1186 948 1237 expedito
970 1186 1126 1236 agmine
1158 1186 1205 1224 ad
1237 1186 1532 1237 depopulandos

110 1245 283 1283 hostium
306 1246 401 1283 lines
429 1244 588 1282 incedit.
631 1243 763 1282 omnia
792 1243 897 1281 ferro
928 1243 1083 1293 ignique
1114 1248 1335 1289 vastantia-3
1364 1243 1530 1293 praedae
1549 1247 1568 1279 8

111 1302 284 1353 undique
306 1307 422 1340 actae.
464 1313 536 1339 nec
554 1301 679 1339 solum
704 1300 819 1338 modo
843 1305 994 1338 vastum
1017 1300 1122 1338 hosti
1144 1300 1337 1346 relictum,
1368 1300 1436 1338 sed
1467 1312 1529 1338 ca-

109 1359 226 1397 stellis
247 1358 363 1397 etiam
386 1358 556 1409 vicisque
578 1357 719 1396 inlatus
742 1357 862 1407 ignis3
894 1356 1056 1395 urbibus
1079 1357 1351 1408 oppugnandis
1374 1362 1528 1408 tempe—

110 1420 250 1461 ratum,
273 1415 311 1453 in
335 1427 429 1466 quas
452 1415 570 1453 timor
586 1414 772 1453 Etruscos
796 1414 1034 1464 conpulerat.
1055 1437 1108 1442 ——
1126 1416 1193 1453 (jn.
1213 1414 1528 1453 Fulvii'consulis
1558 1415 1577 1446 9

108 1472 207 1511 clara
242 1484 369 1523 pugna
404 1472 444 1510 in
475 1471 633 1511 Samnio
671 1470 718 1509 ad
744 1470 963 1510 Bovianum
992 1471 1298 1523 haudquaquam
1327 1471 1528 1522 ambiguae

902 1634 1000 1665 7-9.
1040 1633 1163 1666 Fame.
1187 1638 1264 1671 etc„
1293 1634 1347 1666 die
1371 1633 1530 1666 Falisker

855 1679 1027 1720 sindjetzt
1042 1680 1123 1710 noch
1140 1679 1201 1711 mit
1214 1680 1277 1711 den
1292 1679 1437 1711 Riimern
1451 1689 1529 1711 ver—

109 1632 221 1675 ltingst
231 1631 405 1674 aufgeltist,
417 1644 443 1665 s.
457 1635 507 1674 11,
520 1634 555 1666 11
570 1645 578 1672 ς
596 1633 625 1673 8,
638 1633 690 1674 27,
699 1634 781 1664 2.—

106 1679 272 1719 decedere,
290 1679 357 1719 vgl.
379 1680 407 1719 7,
426 1679 479 1719 31,
494 1682 524 1710 9.
540 1698 581 1702 ——
595 1678 782 1719 concilium,

112 1735 138 1756 s.
158 1735 184 1755 c.
216 1725 267 1765 13,
295 1724 330 1762 33
352 1725 382 1766 8,
402 1725 455 1765 39,
476 1727 528 1757 10.
546 1742 588 1747 —-
607 1723 781 1756 Sanmitih.

110 1781 174 1802 von
208 1770 330 1801 bellam
361 1773 561 1802 censuerunt
605 1771 670 1801 und
711 1770 781 1801 bell.

108 1817 207 1846 iussit
224 1815 400 1855 abhiiugig,
419 1816 501 1847 iiber
519 1816 570 1846 die
589 1816 781 1847 Construct.

111 1861 228 1892 bellam
244 1871 380 1893 censere
397 1871 423 1892 s.
450 1862 502 1902 31,
530 1862 561 1902 7,
591 1862 646 1894 14:
677 1863 719 1892 ite
748 1862 781 1892 1'71

110 1907 294 1949 suffragia,
318 1910 351 1938 et
377 1917 461 1948 qaae
478 1909 594 1950 patres
627 1917 782 1939 censuere

109 1953 228 1992 iabete3
247 1952 341 1984 Caes.
359 1952 394 1984 B.
414 1952 452 1984 G.
474 1953 503 1995 7,
520 1953 572 1992 77,
591 1952 628 1991 23
647 1963 688 1984 zu
702 1951 780 1985 Tac.

108 1997 191 2029 Ann.
228 1999 278 2038 13,
302 1998 342 2037 ὃς
369 1998 453 2029 iiber
479 1999 589 2030 where
614 2000 645 2038 9,
672 1997 726 2037 43,
751 1999 781 2031 2.

110 2062 151 2066 ——
166 2045 302 2085 quisque
315 2044 346 2084 2,
361 2044 392 2083 7,
412 2046 438 2077 1.
449 2064 489 2067 -—
501 2043 653 2081 militiae,
663 2042 782 2085 Bring-

111 2087 263 2130 fiihrung.
297 2107 342 2112 --
375 2089 586 2129 Volaterras,
628 2089 783 2121 tuskiseh

111 2134 275 2175 Velathri,
305 2135 379 2166 eine
405 2135 490 2167 feste
520 2136 585 2166 und
615 2135 781 2176 iniichtige

110 2180 206 2211 stadt
235 2181 278 2212 im
306 2181 506 2213 westlichen
534 2180 708 2212 Etrurien.
738 2199 782 2204 -—

110 2228 276 2258 instructo
294 2237 350 2268 ag.
368 2226 425 2267 „in
440 2225 579 2258 formam
593 2226 711 2269 proelii
726 2237 782 2258 or-

113 2271 259 2314 dinat0“,
284 2271 340 2304 Dr.
360 2290 401 2294 —
419 2282 494 2314 qua,
516 2273 544 2313 1,
570 2272 622 2311 27,
642 2273 672 2311 6,
697 2277 782 2304 statt

116 2317 174 2349 des
201 2317 411 2349 bestimmten
434 2321 512 2350 utra
527 2329 570 2361 μ,
589 2318 619 2359 7,
638 2317 668 2359 9,
687 2317 716 2349 7.
738 2337 780 2341 -

110 2373 234 2404 egress.
244 2365 278 2394 in
287 2374 349 2404 ac„
359 2363 451 2403 kurz,
464 2368 562 2395 statt:
576 2364 781 2403 ausgeriickt

112 2408 178 2439 und
201 2408 233 2439 in
251 2409 561 2450 Schlachtordnung
585 2408 781 2449 ausgestellt

110 2470 153 2475 —
194 2454 353 2496 profect„
404 2455 457 2487 die
503 2455 661 2486 besseren
703 2454 779 2486 Hss.

111 2498 215 2530 haben
235 2500 460 2542 professione,
490 2511 516 2533 s.
540 2500 619 2532 Tae.
645 2499 729 2532 Anu.
750 2500 779 2531 2.

112 2543 166 2574 85.
180 2561 222 2566 -
238 2547 360 2586 vacuis,
374 2546 542 2577 dazuistvs
552 2545 644 2577 ieder
657 2547 782 2579 casta-is

111 2599 153 2620 zu
170 2589 305 2621 denken.

180 2644 235 2673 Tit.
253 2644 312 2673 Liv,
326 2646 379 2673 IH.
402 2647 424 2673 3.
439 2646 507 2672 Auli

856 1725 996 1764 bunden,
1019 1725 1074 1765 vgl
1089 1736 1117 1756 c.
1134 1726 1187 1756 45.
1208 1725 1236 1756 6.
1252 1744 1294 1747 —
1309 1725 1425 1764 solnm,
1441 1725 1528 1759 Ver-

855 1771 1010 1811 wiistung
1028 1771 1085 1801 des
1103 1770 1231 1803 olfenen
1251 1770 1393 1811 Laudes,
1412 1771 1480 1812 vgl.
1499 1782 1526 1802 c.

858 1817 908 1856 11,
928 1818 967 1856 (33
988 1818 1017 1855 fi,
1036 1816 1090 1848 31.
1110 1816 1139 1847 8.
1157 1834 1201 1839 —
1221 1819 1364 1857 vastum,
1383 1817 1414 1856 3,
1430 1817 1482 1856 52,
1498 1817 1528 1847 5.

855 1861 1008 1903 castellis,
1035 1862 1099 1893 wie
1127 1862 1180 1893 bei
1198 1862 1349 1894 Volsinii
1368 1863 1399 1902 9,
1424 1861 1477 1903 38,
1499 1861 1527 1892 1.

854 1926 897 1930 -—
915 1908 1019 1939 urbib.
1037 1918 1065 1939 υ.
1090 1909 1128 1948 t.‚
1152 1908 1220 1947 vgl.
1240 1909 1270 1948 6,
1292 1908 1343 1947 17,
1363 1908 1398 1947 ὃς
1418 1908 1450 1947 2,
1478 1907 1528 1946 16,

854 1953 884 1984 9.
924 1952 1017 1984 Ganz
1042 1954 1165 1985 anders
1189 1953 1362 1985 erscheint
1384 1953 1438 1985 die
1464 1951 1529 1984 Ge—

855 1999 1004 2031 sehiehte
1039 1999 1152 2030 dieses
1187 2000 1307 2031 Jahres
1350 1999 1434 2031 nach
1466 1999 1528 2029 den

854 2043 1115 2087 fastitriumph„
1130 2055 1155 2076 s.
1171 2055 1198 2076 c.
1212 2046 1261 2085 13,
1283 2045 1340 2076 lu.
1353 2046 1412 2076 der
1423 2042 1532 2075 Grab-

854 2089 977 2122 schrift
995 2091 1052 2122 des
1071 2090 1193 2132 Scipio,
1214 2090 1291 2121 ClL.
1312 2101 1341 2132 p.
1365 2090 1421 2123 16:

855 2135 1026 2167 Cornelias
1040 2135 1164 2167 Lucius
1177 2135 1288 2179 Scipio
1302 2136 1476 2168 Barbatus
1486 2155 1527 2158 -—

860 2180 1028 2213 Taurasia
1048 2180 1194 2213 Cisauna
1212 2180 1350 2213 Samnio
1367 2183 1448 2225 cepit

860 2226 962 2268 Sabig
973 2230 997 2259 it
1013 2237 1108 2258 omne
1124 2226 1151 2259 L
1163 2238 1364 2260 oucauam
1381 2227 1529 2271 opsides-

1148 2284 1210 2315 (μω
1225 2273 1393 2305 ιιόάοιισίί.

852 2318 1018 2350 Taurasia
1047 2318 1111 2349 und
1133 2319 1278 2350 Cisauna
1302 2319 1375 2350 sind
1394 2318 1476 2350 Orte
1494 2318 1527 2349 in

853 2363 1029 2395 Samnium.
1063 2364 1147 2395 Dass
1173 2364 1226 2396 die
1244 2364 1372 2396 Thaten
1396 2363 1527 2405 Scipios

853 2410 884 2440 in
914 2410 989 2441 eine
1014 2409 1148 2451 spatere
1166 2409 1255 2449 Zeit,
1279 2421 1304 2442 s.
1331 2421 1358 2441 c.
1381 2409 1438 2446 183
1466 2409 1527 2446 253

853 2455 895 2486 40
905 2455 950 2496 112,
963 2455 1120 2495 gehtiren,
1138 2455 1184 2486 ist
1198 2456 1288 2487 nicht
1302 2454 1528 2486 wahrschein—

853 2500 931 2541 lich,
949 2511 975 2532 s.
994 2499 1186 2543 Mommsen,
1204 2501 1232 2543 1,
1246 2500 1328 2539 4583
1344 2500 1420 2530 467.
1450 2499 1526 2531 lhne

862 2547 889 2585 1,
915 2546 991 2577 389.
1036 2547 1219 2578 Bovianum
1250 2546 1296 2577 ist
1324 2555 1439 2585 wegen
1468 2545 1528 2575 der

854 2590 946 2622 N'ahe
971 2602 1035 2623 von
1059 2591 1222 2622 Aufidena
1249 2589 1529 2623 wahrscheinlich

1198 2650 1240 2681 26
