1763 2983
614 711 655 757 Τ
678 711 701 759 I
725 710 764 757 T
789 710 812 759 Ι
873 710 914 757 L
936 710 959 757 1
983 709 1075 758 VI

301 792 364 830 AB
396 792 524 831 1111111]
555 791 770 830 CONDITA
799 791 1055 830 LIBRORUM
1084 790 1379 830 PERIOCHAE.

223 968 322 1001 Initia
353 970 433 1002 belli
458 969 573 1001 Puniei
604 971 739 1002 secundi
773 975 951 1002 narrantur
974 975 1007 1002 et
1033 970 1224 1002 Hannibalis
1251 969 1339 1001 ducis
1364 967 1548 1000 Poenorum

130 1019 248 1047 contra
280 1014 394 1047 foedus
430 1025 487 1057 per
514 1015 667 1047 Hiberum
694 1018 808 1048 1111111011
832 1016 1014 1058 transitus3
1054 1026 1073 1047 a
1097 1026 1158 1057 quo
1183 1015 1365 1056 Saguntum
1391 1017 1547 1046 sociorum

130 1061 243 1103 populi
263 1060 399 1092 Romani
424 1061 544 1093 civitas
570 1061 702 1093 obsessa
731 1066 851 1093 octavo
877 1072 984 1093 mense
1008 1065 1104 1103 capta
1128 1065 1190 1093 est.
1226 1061 1264 1092 de
1284 1060 1396 1102 quibus
1418 1059 1548 1091 iniuriis

131 1106 222 1138 missi
246 1107 351 1147 legati
376 1107 416 1138 ad
446 1106 734 1147 Carthaginienses
760 1107 814 1149 qui
839 1111 1062 1149 quererentur.
1102 1117 1172 1138 eum
1197 1105 1392 1138 satisfacere
1410 1105 1547 1147 nollent⁷

130 1151 253 1183 bellmn
278 1152 325 1184 eis
351 1152 508 1184 indictum
525 1156 584 1184 est.
621 1152 783 1184 Hannibal
803 1157 958 1194 superato
977 1152 1147 1195 Pyrenaeo
1168 1152 1257 1184 saltu
1274 1161 1331 1194 per
1349 1150 1476 1183 Gallias
1494 1150 1548 1182 fu-

131 1197 177 1229 sis
203 1197 328 1238 Volcis,
354 1198 407 1239 qui
432 1198 592 1230 obsistere
621 1199 732 1230 conati
758 1203 853 1230 erant
877 1199 917 1233 ei,
948 1199 988 1230 ad
1007 1198 1106 1240 Alpes
1133 1197 1233 1237 venit,
1259 1201 1293 1229 et
1308 1196 1475 1228 laborioso
1491 1206 1550 1239 per

131 1253 188 1275 eas
217 1243 379 1283 transitu,
414 1254 484 1275 cum
513 1248 684 1276 montanos
709 1255 833 1285 quoque
860 1243 973 1276 Gallos
999 1244 1113 1275 obvios
1141 1243 1267 1285 aliquot
1292 1242 1426 1284 proeliis
1450 1252 1548 1285 repu-

130 1289 237 1330 lisset,
264 1289 432 1321 descendit
457 1290 488 1321 in
507 1289 636 1321 Italiam
661 1294 694 1322 et
722 1290 761 1321 ad
780 1289 927 1321 Ticinum
953 1292 1068 1321 flumen
1086 1288 1247 1321 Romanos
1264 1288 1407 1330 equestri
1424 1287 1549 1330 proelio

133 1333 235 1376 fudit3
261 1335 293 1366 in
321 1345 382 1376 quo
408 1335 615 1368 vulneratum
634 1334 668 1368 P.
689 1335 877 1367 Cornelium
895 1335 1078 1377 Scipionem
1096 1334 1241 1377 protexit
1262 1334 1357 1373 filius,
1382 1334 1437 1375 qui
1456 1332 1550 1365 Afri-

133 1380 207 1412 cani
232 1385 347 1423 postea
369 1391 484 1413 nomen
499 1381 634 1423 accepit.
675 1381 856 1423 iterumque
873 1381 1025 1413 exercitu
1042 1381 1187 1412 Romano
1207 1380 1247 1411 ad
1265 1382 1380 1411 1111111011
1396 1378 1550 1411 Trebiam

132 1424 204 1458 fuso
225 1426 389 1458 Hannibal
408 1427 609 1469 Apenninum
635 1437 758 1469 quoque
784 1437 841 1469 per
860 1437 1009 1467 magnam
1032 1426 1242 1458 vexationem
1260 1425 1400 1456 militum
1417 1429 1551 1467 propter

133 1471 200 1503 vim
216 1472 459 1514 tempestatium
483 1472 628 1504 transiit.
665 1472 720 1504 Cn.
741 1472 911 1504 Cornelius
932 1472 1041 1514 Scipio
1060 1472 1091 1503 in
1111 1471 1267 1514 Hispania
1291 1475 1406 1502 contra
1426 1470 1551 1502 Poenos

132 1527 287 1560 prospere
317 1518 476 1560 pugnavit
501 1519 580 1550 duce
611 1519 752 1550 hostium
777 1518 915 1560 Magone
940 1522 1046 1560 capto.

631 1619 701 1651 EX
734 1620 888 1652 LIBRO
922 1619 1053 1652 XXII.

226 1677 389 1708 Hannibal
414 1687 470 1719 per
496 1676 666 1708 continuas
691 1676 823 1717 vigilias
844 1677 876 1707 in
892 1676 1061 1718 paludibus
1088 1675 1181 1707 oculo
1199 1675 1318 1706 amisso
1338 1674 1370 1706 in
1387 1673 1554 1706 Etruriam

137 1721 247 1762 venit3
273 1733 331 1764 per
355 1733 433 1764 quas
457 1723 591 1765 paludes
616 1723 795 1764 quadriduo
821 1726 854 1754 et
878 1722 984 1754 tribus
1011 1722 1159 1753 noctibus
1184 1720 1254 1752 sine
1274 1720 1343 1752 ulla
1362 1720 1472 1762 requie
1490 1720 1554 1752 iter

135 1765 225 1799 feeit.
268 1768 302 1800 C.
328 1767 508 1800 Flaminius
533 1768 662 1810 consul,
696 1769 790 1799 1101110
814 1768 1027 1806 temerarius,
1062 1772 1176 1798 contra
1205 1765 1351 1808 auspicia
1375 1764 1553 1808 profectus,

136 1812 239 1854 signis
264 1814 463 1846 militaribus
493 1814 631 1853 effossis,
658 1824 739 1855 quae
763 1814 838 1845 tolli
857 1824 920 1844 non
944 1817 1108 1856 poterant,
1135 1816 1168 1844 et
1187 1812 1227 1844 ab
1246 1822 1338 1854 equo,
1364 1821 1457 1853 quem
1474 1822 1553 1842 con-

137 1860 328 1901 scenderat,
370 1870 428 1902 per
463 1864 560 1902 caput
586 1860 778 1897 devolutus,
817 1859 944 1891 insidiis
971 1860 1010 1891 ab
1037 1858 1218 1890 Hannibale
1244 1857 1487 1889 circumventus
1513 1857 1553 1888 ad

135 1903 419 1948 Thrasymennum
443 1906 550 1937 lacum
575 1916 645 1937 cum
663 1905 814 1937 exercitu
831 1915 944 1937 caesus
962 1910 1024 1938 est.
1060 1914 1119 1936 sex
1139 1903 1240 1943 milia,
1267 1913 1348 1944 qnae
1367 1906 1554 1944 eruperant,

136 1950 199 1982 fide
225 1952 265 1982 ab
283 1951 465 1983 Atherbale
494 1953 573 1983 data
597 1951 734 1994 perfidia
760 1950 951 1982 Hannibalis
977 1951 1089 1982 vincta
1114 1954 1199 1982 sunt.
1242 1959 1312 1980 cum
1338 1948 1379 1979 ad
1407 1948 1555 1979 nuntium

137 1996 243 2028 cladis
261 1996 381 2029 Romae
407 1997 513 2029 luctus
533 2001 631 2038 esset⁷
658 1998 712 2037 [et]
734 1997 816 2028 duae
835 2001 955 2028 matres
973 2007 1013 2028 cx
1032 1996 1198 2038 insperato
1217 1993 1356 2037 receptis
1374 1994 1450 2025 filiis
1471 2003 1553 2035 gau-

138 2041 192 2072 dio
210 2047 358 2074 mortuae
376 2047 462 2075 sunt.
496 2043 535 2074 ob
560 2044 642 2074 hanc
668 2042 792 2074 cladem
817 2052 858 2074 ex
876 2041 1050 2084 Sibyllinis
1075 2041 1168 2072 libris
1195 2051 1254 2072 ver
1277 2050 1404 2071 sacrum
1432 2043 1554 2071 votum.

140 2097 211 2118 eum
247 2087 363 2119 deinde
397 2088 434 2129 Q
468 2088 589 2120 Fabius
622 2088 784 2120 Maximus
821 2088 965 2119 dictator
997 2088 1156 2119 adversus
1191 2086 1406 2117 Hannibalem
1437 2085 1555 2116 missus

140 2133 244 2164 nollet
270 2133 339 2164 acie
366 2144 436 2164 cum
462 2144 499 2165 eo
517 2134 702 2175 confligere,
729 2144 768 2166 ne
785 2138 900 2165 contra
918 2125 1059 2165 ferocem
1078 2137 1129 2164 tot
1148 2131 1297 2163 victoriis
1318 2132 1445 2162 hostem
1463 2133 1556 2163 cerri-

138 2185 186 2211 tos
215 2178 362 2210 adversis
387 2179 522 2221 proeliis
551 2179 672 2210 milites
700 2190 825 2221 pugnae
851 2178 1081 2220 committeret‚
1107 2182 1140 2210 et
1166 2178 1354 2220 opponendo
1374 2186 1408 2208 se
1427 2180 1557 2207 tantum

140 2229 276 2256 conatus
297 2224 488 2256 Hannibalis
514 2224 694 2267 impediret,
720 2225 762 2256 M.
782 2225 945 2256 Minucius
967 2224 1126 2265 magister
1155 2223 1308 2265 equitum,
1335 2221 1428 2254 ferox
1449 2226 1482 2253 et
1503 2226 1556 2253 te-

139 2271 317 2309 merarius,
344 2270 544 2302 criminando
569 2270 766 2302 dictatorem
791 2275 953 2312 tamquam
977 2280 1108 2311 segnem
1133 2274 1166 2301 et
1193 2268 1341 2300 timidum
1366 2267 1494 2307 effecit,
1520 2271 1557 2299 ut

138 2316 249 2359 populi
280 2316 369 2348 iussu
402 2320 601 2358 aequaretur
636 2315 667 2347 ei
703 2326 773 2347 cum
798 2316 962 2347 dictatore
987 2315 1174 2357 imperium3
1213 2313 1382 2354 divisoque
1407 2312 1558 2344 exercitu

139 2372 212 2394 cum
236 2362 346 2404 iniquo
371 2362 443 2393 loco
469 2361 672 2393 conflixisset
695 2365 728 2393 et
753 2361 784 2392 in
810 2361 951 2393 maximo
972 2360 1158 2392 discrimine
1179 2359 1323 2400 legiones
1341 2358 1411 2390 eius
1436 2361 1556 2399 essent,

140 2408 393 2450 superveniente
420 2418 489 2439 cum
514 2406 664 2439 exercitu
688 2406 791 2438 Fabio
818 2407 961 2438 Maximo
987 2406 1172 2437 discrimine
1198 2405 1357 2436 liberatus
1386 2407 1445 2435 cst.
1494 2413 1557 2445 quo

141 2454 298 2486 beneficio
325 2453 432 2485 victus
458 2457 568 2484 castra
594 2463 663 2484 011111
690 2462 727 2483 eo
756 2452 865 2484 iunxit
879 2456 911 2484 01
930 2456 1055 2494 patrem
1073 2462 1143 2483 eum
1162 2449 1322 2482 salutavit
1343 2449 1488 2490 idemque
1506 2448 1557 2480 fa-

140 2509 215 2531 eere
240 2499 361 2531 milites
386 2499 492 2530 iussit.
530 2498 703 2537 Hannibal,
730 2502 862 2530 vastata
890 2497 1064 2539 Campania
1091 2497 1177 2527 inter
1202 2495 1379 2527 Casilinum
1408 2494 1558 2537 oppidum

143 2549 177 2576 et
198 2544 391 2576 Calliculam
418 2549 559 2576 montem
584 2554 601 2575 3
617 2543 720 2575 Fabio
745 2544 864 2584 clusus,
889 2542 1062 2574 sarmentis
1088 2542 1128 2573 ad
1153 2551 1274 2572 cornua
1300 2540 1394 2572 boum
1413 2540 1561 2581 alligatis

142 2594 176 2622 et
200 2590 339 2623 incensis
366 2589 563 2633 praesidium
588 2590 816 2631 Romanorum,
839 2589 924 2631 quod
949 2588 1142 2620 Calliculam
1171 2586 1345 2629 insidebat7
1371 2585 1502 2627 fugavit
1528 2589 1562 2618 et
