1763 2983
95 143 122 174 11.
143 147 194 174 ch.
214 148 274 174 217.
287 137 291 140 ’

539 147 662 180 LIBER
679 147 789 180 XXII.
816 147 908 182 CAP.

937 149 984 182 14.
1016 149 1065 181 15.
1433 144 1514 187 185

97 251 150 290 nii
184 251 454 302 perlustrando
483 262 531 289 an
552 250 755 289 Luceriam
778 250 992 301 premendo
1015 249 1307 301 obsidendoque
1331 256 1367 288 et
1386 249 1509 288 laces-

96 307 219 347 sendo
243 308 428 346 victorem
454 307 606 345 hostem
626 306 833 357 depulsum
865 307 911 346 ab
933 307 1119 346 Romanis
1146 306 1358 345 cervicibus
1377 306 1512 356 iugum

98 364 269 414 superbo
289 363 448 403 Samniti
477 361 680 413 inposuit?
712 364 828 402 modo
851 364 889 403 C.
913 364 1064 402 Lutatio
1098 375 1195 414 quae
1220 363 1289 401 alia
1310 375 1371 401 res
1396 374 1512 413 quam
1535 368 1573 400 13

98 421 269 459 celeritas
298 419 496 458 victoriam
527 419 641 466 dedit,
674 420 778 470 quod
810 425 967 470 postero
995 420 1065 465 die,
1097 432 1214 470 quam
1234 420 1386 458 hostem
1407 419 1512 464 vidit,

99 477 260 516 classem
291 488 446 528 gravem
473 476 763 522 commeatibus,
793 476 1003 527 inpeditam
1041 482 1195 515 suomet
1224 476 1511 527 ipsaminstru-

98 539 229 572 mento
252 539 366 583 atque
389 532 584 582 adparatu,
607 531 828 583 oppressit?
857 533 1011 571 stultitia
1042 538 1098 571 est
1123 533 1293 571 sedendo
1324 538 1389 570 aut
1414 532 1512 570 votis
1536 538 1575 570 14

98 589 279 628 debellari
305 589 461 627 credere
484 601 618 639 posse:
650 601 756 627 arma
778 590 902 639 capias
924 594 1077 640 oportet
1095 596 1130 627 et
1152 589 1361 627 descendas
1385 589 1422 626 in
1447 601 1512 626 ae-

97 658 188 685 cum
218 651 254 684 et
280 646 337 684 vir
369 657 459 683 cum
490 645 572 683 viro
603 645 874 695 congrediaris.

928 646 1106 683 audendo
1134 651 1248 696 atque
1279 645 1428 695 agendo
1452 657 1514 683 res

96 702 271 741 Romana
291 702 421 748 crevit,
452 714 532 740 non
554 701 613 740 his
635 701 817 752 segnibus
840 702 1021 748 consiliis,
1052 714 1149 751 quac
1171 701 1291 740 timidi
1313 707 1421 740 cauta
1442 714 1514 739 vo-

96 762 221 797 cant“.

275 759 368 797 haec
400 759 504 797 velut
530 758 769 797 contionanti
790 758 958 796 Minucio
981 758 1367 796 circumfundebatur
1388 757 1514 796 tribu-
1538 764 1576 795 15

96 827 241 853 norum
270 816 522 865 equitumque
542 815 812 853 Romanorum
839 815 1057 860 multitudo,
1089 821 1125 853 et
1155 814 1200 852 ad
1221 827 1334 852 aures
1357 825 1515 865 quoque

97 872 261 910 militum
292 872 388 910 dicta
421 871 563 909 ferocia
599 871 893 918 evolvebantur3
925 884 979 917 ac,
1007 871 1038 909 si
1070 871 1240 909 militaris
1261 871 1432 921 suffragii
1453 882 1516 909 res

96 934 207 975 esset,
229 928 331 966 haud
353 927 468 966 dubie
493 927 668 966 ferebant
689 928 902 966 Minucium
925 927 1043 966 Fabio
1068 928 1157 965 duci
1178 927 1430 978 praelaturos.

208 984 349 1023 Fabius
369 985 512 1035 pariter
532 984 573 1022 in
596 997 688 1022 suos
710 985 811 1022 haud
836 985 965 1022 minus
990 997 1105 1034 quam
1127 985 1164 1022 in
1188 984 1308 1022 hostis
1329 984 1513 1030 intentus,
1538 987 1592 1027 15

95 1041 204 1091 prius
234 1041 279 1079 ab
308 1041 378 1079 illis
398 1041 583 1079 invictum
607 1041 779 1079 animum
810 1046 987 1091 praestat.

1042 1053 1278 1091 quamquam
1302 1040 1424 1090 probe
1446 1039 1516 1078 scit

95 1109 177 1135 non
206 1097 246 1136 in
278 1098 410 1136 castris
434 1098 551 1135 modo
575 1097 654 1135 suis
686 1098 752 1136 sed
776 1098 851 1135 iam
875 1098 987 1135 etiam
1008 1098 1154 1136 Romae
1184 1097 1371 1135 infamem
1403 1108 1514 1134 suam

94 1155 381 1193 cunctationem
408 1167 503 1200 esse,
536 1153 751 1192 obstinatus
782 1160 910 1192 tamen
938 1160 1072 1192 tenore
1103 1154 1240 1192 eodem
1262 1153 1516 1191 consiliorum

95 1211 243 1249 aestatis
278 1211 472 1262 reliquum
494 1211 665 1257 extraxit,
696 1216 738 1249 ut
758 1210 950 1249 Hannibal
972 1210 1175 1249 destitutus
1198 1210 1243 1248 ab
1271 1222 1338 1260 spe
1361 1221 1515 1248 summa
1538 1220 1558 1252 2

95 1344 148 1377 die
181 1343 308 1382 Homer.
333 1362 378 1367 —
409 1346 588 1385 Luceriam,
615 1346 647 1384 9,
682 1345 712 1384 2,
742 1345 769 1376 3.

94 1408 139 1412 —
154 1392 244 1422 modo
262 1390 352 1421 steht
369 1389 428 1421 mit
445 1389 641 1421 Nachdruck
655 1399 769 1430 voran,

97 1438 127 1468 5.
174 1437 227 1474 52,
272 1437 308 1475 93
349 1435 503 1476 iibrigens
549 1436 621 1467 sind
655 1445 689 1467 es
728 1437 769 1468 25

94 1481 208 1512 Jahre.
234 1499 277 1503 —
301 1484 379 1513 vidit.
406 1481 470 1512 wie
491 1483 544 1520 21,
573 1483 625 1519 32,
656 1482 683 1517 1,
704 1480 770 1521 vgl.

95 1528 150 1565 31,
180 1528 231 1566 14,
258 1528 288 1559 2.
317 1545 359 1548 —
384 1530 469 1558 stult.
495 1534 549 1567 est,
575 1529 629 1565 21,
665 1528 715 1565 19,
739 1528 769 1559 9.

94 1589 122 1594 -
165 1574 296 1604 sedendo
322 1573 425 1603 neben
450 1572 555 1604 einem
580 1571 771 1604 Substanti-

95 1627 182 1656 vum,
212 1619 238 1657 1,
273 1619 324 1654 15,
353 1619 389 1657 43
424 1619 478 1657 21,
512 1620 565 1657 35,
600 1620 636 1651 5:
667 1619 771 1649 labore

96 1675 132 1694 ao
163 1665 359 1703 puqnando;
392 1664 445 1701 22,
484 1665 534 1702 18,
569 1664 605 1702 83
634 1665 685 1701 36,
718 1664 768 1702 11,

97 1710 127 1739 2.
154 1726 195 1730 —-
221 1709 284 1739 deb.
301 1710 381 1739 cred.
402 1718 504 1747 posse,
528 1708 675 1748 weniger
692 1709 770 1739 hart

96 1752 421 1793 zusaninlengestcllt
448 1753 497 1784 als
524 1754 576 1793 33,
603 1755 634 1793 6,
673 1756 701 1786 5.
727 1771 770 1774 —

96 1800 238 1829 audendo
273 1810 301 1829 a.
333 1811 372 1836 α.,
408 1800 460 1838 21,
495 1800 524 1837 4,
560 1800 590 1831 4.
623 1817 666 1821 —
692 1810 772 1840 quae

97 1850 120 1876 t.
143 1855 178 1878 8.,
205 1853 230 1874 c.
262 1845 311 1883 12,
341 1846 390 1876 12.
417 1862 460 1866 —
486 1846 636 1884 equitum,
665 1855 689 1875 s.
715 1846 769 1884 21,

97 1890 151 1925 59,
177 1891 207 1922 9.
247 1888 306 1920 Dic
330 1889 455 1931 equites
482 1889 665 1929 (illustres),
688 1891 770 1921 auch

95 1938 187 1965 soust
230 1934 289 1965 mit
329 1935 390 1966 den
430 1937 559 1966 tribuni
603 1938 669 1966 mil.
711 1946 769 1966 zu—

96 1989 237 2011 sammen
253 1984 406 2020 genannt,
428 1991 451 2011 S.
479 1982 531 2019 34,
563 1982 612 2020 13,
639 1983 670 2019 4,
698 1980 770 2011 sind

96 2024 297 2065 wenigstens
317 2035 420 2066 gegen
441 2026 498 2057 das
517 2025 608 2057 Ende
629 2027 687 2058 der
705 2026 769 2058 Re-

97 2069 210 2111 publik
234 2070 266 2101 in
292 2070 349 2101 der
375 2070 562 2112 Umgebung
588 2072 644 2103 des
670 2071 770 2104 Feld—

98 2115 208 2152 herrn,
235 2126 259 2146 s.
278 2116 402 2147 Becker
421 2118 451 2156 2,
474 2118 501 2155 1,
521 2118 596 2150 288.
616 2136 659 2140 -
677 2129 771 2150 aures

98 2171 126 2200 q.
152 2172 203 2198 m,
231 2171 255 2191 s.
281 2171 319 2191 zu
345 2163 376 2198 4,
402 2163 456 2200 41,
484 2164 521 2201 33
547 2164 600 2202 25,
633 2164 682 2202 16,
712 2165 770 2203 113

98 2206 188 2236 Curt.
220 2208 251 2244 4,
286 2208 340 2245 40,
368 2208 407 2239 15
441 2218 472 2238 u.
497 2217 537 2245 a.,
562 2206 600 2238 R.
627 2209 701 2241 317.
727 2227 771 2230 —

95 2254 232 2283 militum
253 2255 328 2291 etc„
357 2250 397 2283 s.'
416 2262 441 2283 c.
472 2254 522 2291 12,
554 2254 610 2285 12:
644 2256 679 2285 in
702 2257 771 2286 vul-

93 2308 165 2338 qus.
191 2314 234 2319 —
259 2299 389 2331 evolveb,
418 2308 448 2329 n.
474 2309 489 2329 8
512 2300 639 2330 circulis
665 2301 771 2331 tribu-

96 2353 213 2374 norum
237 2346 298 2374 etc.
325 2361 367 2364 —
391 2346 482 2375 milit.
515 2346 623 2384 suffr„
658 2346 713 2385 21,
740 2346 769 2385 3,

102 2388 137 2426 13
167 2389 219 2421 25,
246 2389 300 2427 37,
330 2390 359 2421 6.
386 2406 428 2410 -
452 2391 541 2421 haud
563 2392 591 2421 d.
612 2390 659 2429 f.,
686 2400 711 2420 s.
742 2391 769 2429 1,

99 2433 153 2468 413,
183 2435 217 2465 1:
241 2433 290 2465 sie
322 2434 478 2465 erklaren
510 2434 770 2476 unzweideutig3

98 2487 123 2507 s.
150 2478 202 2518 21,
235 2480 289 2515 41,
317 2482 346 2512 7.
372 2498 415 2502 —
440 2482 515 2512 duci
547 2481 605 2512 hat
631 2480 701 2511 sich
730 2490 770 2512 an

99 2523 196 2554 ,Fabio
228 2525 500 2565 augeschlosseu:
534 2526 682 2567 dagegeu
717 2527 769 2565 28,

98 2569 152 2604 41,
179 2570 216 2601 4:
242 2571 407 2603 Hamiloar
431 2573 613 2603 Hannibali
639 2574 706 2603 dux
729 2578 772 2603 est

834 1345 1088 1384 praeferendus,
1086 1356 1093 1362 ·
1117 1345 1226 1382 9,16,
1257 1345 1295 1377 19
1323 1355 1352 1375 u.
1379 1354 1407 1374 a.

891 1387 955 1425 15.
992 1391 1054 1422 1—
1058 1392 1086 1422 2.
1116 1392 1262 1429 pariter:
1296 1400 1336 1420 zu
1369 1388 1520 1430 gleicher

840 1434 925 1471 Zeit,
952 1446 975 1466 5.
1000 1445 1026 1466 c.
1053 1437 1083 1471 4,
1113 1437 1150 1469 b':
1180 1436 1233 1471 27,
1258 1437 1311 1473 40,
1336 1437 1371 1467 1:
1396 1437 1431 1466 in
1457 1437 1518 1466 duo

837 1483 963 1519 fomite?
1007 1482 1095 1517 bella,
1136 1470 1224 1516 nach,
1262 1459 1433 1512 Arideien:
1482 1479 1515 1510 111

840 1526 987 1567 gleicher
1014 1525 1059 1558 w
1063 1526 1139 1565 eisc,
1174 1527 1255 1557 ohne
1282 1525 1518 1566 Unterschied3

841 1574 930 1603 haud
953 1583 1028 1603 mm.
1081 1571 1113 1601 in
1140 1571 1301 1611 gleichein
1327 1570 1446 1603 Gr.ade
1473 1589 1518 1594 —

842 1620 876 1648 in
901 1635 944 1639 ——
973 1620 1096 1650 meent*
1122 1616 1189 1657 vgl.
1214 1618 1267 1653 24,
1299 1618 1352 1656 20,
1385 1618 1440 1650 13:
1467 1619 1517 1648 die

842 1674 877 1694 ac
901 1669 987 1694 noete
1011 1665 1101 1694 mata
1127 1665 1268 1694 mtentns
1293 1674 1393 1703 mque
1416 1664 1518 1694 hosti-

842 1710 900 1739 bus
923 1719 1022 1749 ‘neque
1047 1710 1151 1740 dubias
1168 1710 1260 1739 ,ςοσίιε
1285 1726 1327 1729 --
1346 1710 1516 1747 praebuit,

842 1753 922 1784 Sall.
948 1753 971 1784 I.
1000 1755 1053 1791 88,
1080 1755 1117 1786 2;
1153 1755 1284 1785 Illam-ms
1316 1756 1449 1795 impigyre
1474 1771 1518 1776 —

841 1810 973 1831 suorum
997 1806 1025 1831 et
1050 1801 1186 1830 hostium
1200 1810 1251 1830 res
1268 1802 1397 1838 pariter
1415 1805 1516 1831 atten-

840 1847 921 1876 dere.
955 1862 998 1867 —
1024 1847 1186 1883 invictum,
1229 1845 1294 1885 vgl.
1333 1855 1359 1875 e.
1398 1846 1450 1884 26,
1479 1847 1516 1885 7;

845 1891 895 1929 12,
924 1892 962 1923 6:
988 1892 1174 1923 constantia.
1197 1908 1241 1912 -—-
1265 1893 1332 1929 scit,
1358 1890 1440 1922 iiber
1460 1891 1516 1921 das

841 1946 946 1977 praes.
981 1936 1012 1967 in
1044 1935 1273 1967 Nebensi‘itzen
1308 1947 1332 1967 5.
1368 1938 1420 1975 21,
1462 1937 1516 1975 29,

841 1983 879 2020 6,
905 1981 1010 2012 selten
1033 1981 1065 2012 in
1084 1981 1390 2021 Concessivs'atzeu‚
1416 1992 1441 2013 5.
1461 1983 1515 2019 32,

844 2028 895 2063 14,
923 2029 959 2059 5:
992 2029 1163 2066 ersiprobe
1198 2030 1265 2066 seit,
1299 2026 1338 2058 H.
1372 2029 1447 2060 219.
1473 2045 1517 2049 --

841 2075 904 2104 iam
928 2075 1040 2104 etiam:
1068 2083 1167 2113 sogal·
1192 2073 1286 2106 auch,
1315 2074 1368 2107 25,
1396 2074 1449 2113 26,
1477 2074 1515 2107 6:

841 2119 895 2158 33,
926 2119 979 2157 39,
1007 2120 1103 2157 731,
1130 2120 1183 2157 48,
1212 2120 1242 2155 3,
1279 2118 1344 2159 vgl.
1380 2120 1433 2155 21,
1461 2119 1515 2171 483

840 2166 870 2196 7.
909 2182 951 2185 —
995 2164 1157 2204 infamem,
1196 2164 1289 2195 Diod.
1330 2164 1384 2204 26,
1424 2165 1459 2196 3·
1498 2160 1517 2196 ὃ

841 2209 960 2262 δῆμος
983 2210 1054 2242 mh
1076 2207 1264 2265 Ρωμαίων
1287 2207 1517 2261 ἐβλασφιήμει

839 2252 906 2287 τὸν
930 2251 1139 2309 δικτάτορα,
1175 2266 1234 2287 και
1270 2253 1519 2297 παιδαγωγὸν

840 2299 1023 2333 ἐπικαλῶι
1076 2298 1190 2333 αὐτὸπ
1246 2297 1399 2338 ὀιείδιζε
1451 2298 1518 2339 τὴν

842 2346 994 2379 decatum
1017 2364 1061 2368 -
1094 2353 1201 2378 aestas.
1238 2348 1305 2385 r.,el
1341 2347 1368 2384 1,
1399 2347 1452 2380 57,
1487 2346 1516 2377 9.

840 2390 962 2423 Fabius
998 2392 1057 2423 hat
1094 2392 1215 2423 boi-eits
1253 2391 1345 2422 einen
1383 2399 1518 2430 grossen

840 2435 938 2468 Theil
957 2438 1013 2469 (les
1034 2437 1195 2468 Sonnners
1215 2435 1377 2467 Hannibal
1395 2445 1518 2476 gegen-

839 2482 920 2514 iiber
945 2482 1136 2523 gestanden,
1169 2492 1193 2512 s.
1228 2492 1253 2512 c.
1288 2482 1318 2515 8,
1345 2483 1375 2514 6.
1415 2482 1520 2512 daher

839 2528 987 2568 sogleich
1013 2530 1075 2559 iam
1101 2529 1174 2567 laih„
1201 2537 1224 2558 S.
1254 2525 1369 2568 Polyb.
1402 2536 1428 2557 c.
1462 2526 1516 2565 92,

841 2574 871 2613 9,
905 2573 965 2605 mit
1000 2574 1070 2604 dem
1096 2572 1131 2603 L.
1167 2571 1209 2603 im
1239 2571 1332 2612 Folg.
1358 2571 1401 2602 im
1427 2570 1519 2603 Gau-
