1763 2983
190 410 209 438 §l

173 750 209 780 ll)

173 859 209 890 11

172 1089 209 1120 12

170 1260 208 1290 13

240 189 291 228 80
726 190 847 223 Lunna
874 188 927 221 Vi.
965 188 1057 220 CAP.
1086 188 1138 221 38.
1503 198 1526 216 a.
1547 198 1573 216 u.
1594 191 1652 216 386.

242 291 412 341 percitus
436 292 489 329 ira
512 291 692 330 Camillus
715 292 884 337 lictores,
916 291 981 342 qui
1004 291 1051 329 de
1075 291 1202 329 medio
1225 291 1379 341 plebem
1410 297 1650 337 emoverem,

239 348 343 386 misit
370 353 408 386 et
430 348 576 386 addidit
599 348 735 394 minas,
759 349 789 386 si
808 353 1029 400 pergerent,
1053 352 1298 386 sacramento
1316 360 1455 386 omnes
1478 348 1650 386 iuniores

239 405 466 443 adacturum
486 405 780 456 exercitumque
799 405 993 455 extemplo
1013 417 1057 442 ex
1078 404 1172 443 urbe
1190 405 1436 443 educturum.
1460 409 1649 443 terrorem

240 461 438 511 ingentem
453 462 669 499 incusserat
680 462 780 512 plebi
793 461 976 508 ;ducibus
987 460 1110 511 plebis
1120 461 1296 500 accendit
1306 461 1428 511 magis
1439 461 1651 499 certamine

240 518 392 555 animos
415 530 532 568 quam
554 518 708 556 minuit.
745 520 812 557 sed
834 532 875 557 re
898 524 1039 556 neutro
1063 518 1241 556 inclinata
1266 518 1495 568 magistratu
1518 530 1559 556 se
1581 517 1650 556 ab-
1707 545 1710 548 ι

239 574 389 620 dicavit,
412 587 480 613 seu
503 575 592 626 quia
616 575 705 614 vitio
724 581 876 614 creatus
898 581 992 619 erat,
1015 581 1058 612 ut
1074 575 1262 625 scripsere
1285 575 1452 625 quidam,
1476 586 1546 613 seu
1564 574 1650 625 quia

240 630 387 669 tribuni
409 631 529 682 plebis
551 631 726 670 tulerunt
746 633 792 670 ad
821 632 986 683 plebem,
1018 631 1134 682 idque
1164 631 1273 682 plebs
1295 631 1423 677 scivit,
1453 636 1517 677 ut,
1548 632 1579 669 si
1602 631 1650 669 M.

240 687 379 726 Furius
401 700 470 739 pro
494 688 680 727 dictatore
703 689 792 740 quid
826 690 980 739 egisset,
1011 689 1271 739 quingentinn
1293 688 1442 726 milium
1475 688 1510 726 ei
1532 688 1652 726 multa

239 749 353 782 esset.
396 745 463 782 sed
485 745 664 796 auspiciis
687 745 807 796 magis
830 758 946 796 quam
970 745 1060 783 novi
1082 745 1247 796 exempli
1269 745 1467 796 rogatione
1490 744 1653 783 deterri—

239 807 322 838 tum
348 806 389 840 ut
410 801 538 852 potius
561 802 728 848 credam,
753 815 839 841 cum
863 802 984 853 ipsius
1006 802 1075 839 viri
1097 802 1186 840 facit
1209 802 1423 851 ingenium,
1446 806 1529 839 tum
1548 801 1651 851 quod

244 857 276 895 ei
298 859 482 896 suffectus
505 864 562 896 est
583 859 777 909 extemplo
800 860 840 898 P.
864 858 1027 897 Manlius
1050 858 1213 897 dictator
1233 882 1286 886 ——
1313 871 1430 909 quem
1453 857 1545 908 quid
1568 869 1651 895 cre—

237 915 292 952 ari
314 914 501 953 attinebat
523 916 568 953 ad
592 915 626 953 id
649 921 859 961 certamen,
888 928 965 967 quo
989 915 1036 953 M.
1060 915 1200 954 Furius
1224 915 1346 953 victus
1367 912 1502 953 esset?
1530 937 1585 940 *ἡ
1614 920 1653 952 et

239 971 343 1021 quod
380 972 550 1010 eundem
579 971 625 1009 M.
657 972 819 1011 Furium
850 973 1077 1011 dictatorem
1107 972 1316 1023 insequens
1352 983 1476 1009 annus
1504 970 1650 1017 habuit,

240 1027 340 1067 baud
364 1027 447 1067 sine
464 1029 612 1079 pudore
636 1035 739 1068 certe
762 1030 926 1068 fractum
948 1028 1076 1079 priore
1098 1040 1198 1067 anno
1230 1028 1268 1067 in
1289 1041 1330 1066 se
1351 1028 1557 1078 imperium
1588 1039 1653 1066 re-

239 1085 472 1135 petiturum3
494 1086 609 1123 simul
632 1086 736 1136 quod
759 1099 803 1124 eo
824 1091 1017 1136 tempore,
1051 1098 1126 1135 quo
1148 1086 1440 1136 promulgatum
1463 1085 1509 1122 de
1532 1085 1651 1123 multa

235 1141 316 1179 eius
339 1142 516 1186 traditur,
541 1147 606 1181 aut
629 1148 666 1180 et
687 1142 777 1181 huic
798 1142 1001 1193 rogationi,
1025 1154 1098 1192 qua
1121 1155 1162 1180 se
1185 1142 1224 1179 in
1243 1141 1421 1180 ordinem
1444 1141 1525 1192 cogi
1547 1141 1653 1179 vide-

233 1197 309 1244 bat,
333 1198 520 1237 obsistere
542 1200 688 1250 potuit,
722 1204 787 1238 aut
815 1210 863 1237 ne
885 1198 965 1237 illas
988 1199 1166 1249 quidem,
1198 1203 1358 1249 propter
1379 1210 1475 1249 quas
1497 1203 1536 1236 et
1558 1198 1651 1236 haec

237 1254 310 1293 lata
333 1260 425 1301 erat,
453 1255 644 1306 inpedire,
673 1261 710 1294 et
732 1255 836 1307 quod
856 1268 983 1306 usque
1005 1255 1050 1294 ad
1074 1255 1304 1294 memoriam
1326 1260 1501 1294 nostram
1524 1255 1651 1293 tribu—

236 1377 275 1409 tle
301 1378 386 1411 med.
411 1389 563 1418 emover„
592 1390 656 1411 von
686 1380 757 1411 (leni
786 1379 905 1411 Forum

237 1433 320 1464 weg,
354 1430 448 1456 sonst
476 1434 693 1464 summovere,
727 1425 757 1466 3,
788 1425 842 1464 45,
874 1427 903 1456 5.

238 1469 331 1501 Nach
348 1468 516 1501 Plutarch.
536 1470 578 1501 39
595 1471 651 1502 hat
670 1470 756 1502 Cain.
775 1479 845 1500 was
870 1481 907 1502 er

239 1514 310 1545 bier
328 1526 389 1546 uui·
407 1515 505 1546 droht
531 1515 740 1556 ausgefiihrt,
764 1515 829 1546 und
848 1515 905 1547 das

240 1559 325 1591 Volk
344 1571 404 1591 zur
422 1561 620 1601 Ausbebung
641 1561 699 1592 auf
720 1562 777 1592 das
796 1560 907 1592 Mars-

236 1604 303 1635 feld
333 1605 551 1645 beschieden3
581 1607 639 1638 das
664 1607 768 1637 letzte
793 1605 905 1638 Mitte}

236 1659 340 1690 gegen
358 1651 419 1682 den
434 1651 663 1690 §videi-stand,
683 1653 741 1683 das
759 1652 840 1682 aber
854 1651 906 1682 bei

983 1380 1241 1411 verschiedenen
1314 1378 1455 1410 Formen
1531 1389 1650 1419 ausge-

982 1426 1184 1466 sproehenen
1205 1424 1361 1456 Griinden
1387 1423 1596 1462 bezweifelt3
1622 1435 1649 1455 s.

982 1470 1078 1502 Nieb.
1099 1470 1128 1510 3,
1148 1469 1222 1502 30f.
1241 1489 1284 1492 —
1298 1480 1358 1512 pro
1383 1469 1508 1510 dictat„
1534 1470 1567 1501 in
1585 1470 1650 1500 sei-

983 1525 1041 1546 ner
1052 1515 1267 1556 Eigenschaft
1280 1516 1331 1546 als
1347 1515 1396 1555 D„
1416 1515 1498 1546 nach
1512 1515 1570 1546 der
1584 1515 1650 1546 ilnn

983 1561 1033 1592 als
1067 1561 1213 1592 solehem
1247 1560 1471 1592 zustehenden
1506 1559 1650 1600 Gewalt,

983 1606 1047 1637 wic
1063 1616 1124 1648 pro
1141 1608 1435 1648 vn1ozst1atu,pr0
1453 1607 1606 1648 imperio,
1625 1616 1650 1637 s.

987 1652 1087 1693 151
1107 1652 1266 1693 2;(.),)21),
1287 1652 1337 1682 15.

238 1695 296 1726 der
315 1695 486 1737 Einigkeit
509 1697 569 1728 der
592 1696 689 1728 Plebs
714 1696 905 1737 wirkungs-

238 1741 288 1771 los
319 1741 420 1779 bliel),
446 1742 511 1782 vgl.
539 1754 565 1773 c.
597 1742 647 1783 16,
674 1743 703 1773 3.
723 1761 765 1764 ——
790 1752 906 1773 omncs

237 1787 317 1826 iun„
339 1785 499 1818 ein'rheil
513 1787 689 1818 dersclben
709 1788 804 1819 stand
822 1789 906 1819 noeh

238 1841 300 1862 vor
317 1831 480 1864 Velitrae.
505 1851 545 1854 ——
572 1842 715 1864 sacram.
734 1832 853 1872 adach,
876 1835 906 1872 4,

264 1901 313 1953 ’9.
351 1925 479 1961 neutro,
500 1922 534 1963 1,
559 1924 612 1963 25,
631 1924 660 1954 4.
687 1942 727 1945 —
754 1925 831 1955 citio
849 1933 907 1964 (νη,

242 1967 272 2007 S,
291 1966 345 2008 23,
367 1968 417 1998 15.
436 1985 479 1990 ——
497 1967 645 1999 tulerunt
663 1974 738 2009 etc„
757 1969 810 2000 die
829 1968 907 2000 Tri-

241 2011 346 2043 buncn
366 2013 494 2044 kiinnen
521 2013 595 2045 eine
614 2013 698 2045 Muli
723 2026 783 2045 nur
806 2014 906 2045 bean-

239 2062 354 2098 tragen
390 2059 470 2090 oder
501 2060 581 2090 nach
607 2058 714 2089 einem
743 2059 906 2091 Volksbc—

239 2104 369 2135 sehluss
394 2103 599 2144 aul'erlegen,
625 2115 651 2135 s.
672 2115 712 2135 zu
741 2106 771 2145 2,
795 2107 847 2144 52,
867 2106 905 2143 ῦς

237 2149 292 2188 42,
302 2150 333 2190 9,
346 2149 365 2180 4
376 2159 438 2180 u.a.
472 2149 537 2180 Das
549 2148 830 2191 folg.e'dqne.s·ciril
841 2155 904 2181 ete.

237 2193 421 2226 liisstnicht
430 2193 598 2234 zweifeln,
613 2195 690 2225 dass
699 2195 764 2235 die,
781 2196 906 2226 welche

239 2239 349 2271 dieses
379 2240 598 2279 beriehteten,
632 2240 684 2272 die
715 2241 905 2281 Abhaltung

238 2285 298 2316 der
316 2284 479 2317 Comitien
499 2285 561 2316 und
587 2286 640 2316 die
659 2286 827 2317 Annahine
846 2286 902 2317 des

238 2330 416 2371 Autragcs,
435 2331 538 2362 durch
552 2331 699 2362 weleben
716 2331 767 2362 die
778 2330 905 2362 [lnver-

240 2376 530 2408 antwortlichkeit
556 2376 611 2407 des
638 2376 808 2407 Dictators
834 2377 904 2407 aul'-

238 2422 385 2460 gehoben
416 2422 552 2453 worden
577 2421 678 2461 wiire,
706 2423 789 2452 noch
814 2422 905 2452 wiih-

240 2468 319 2498 rend
335 2469 393 2499 der
404 2467 560 2499 Dic-tatur
575 2467 632 2498 des
648 2467 820 2508 Camillus,
839 2467 904 2507 vgl.

238 2512 259 2554 ξ
284 2515 314 2554 5,
344 2513 537 2545 annahnien.
579 2512 661 2543 Dass
687 2512 796 2543 dieses
825 2512 904 2543 aber

237 2560 339 2590 sehon
353 2559 441 2600 jetzt
457 2558 638 2599 geschehen
658 2558 718 2597 sei,
742 2558 825 2589 wird
843 2558 905 2589 mit

238 2603 341 2636 Reeht
364 2614 427 2636 von
453 2604 489 2635 L.
516 2613 575 2634 aus
599 2603 659 2634 den
686 2603 729 2634 im
753 2602 845 2642 Folg.
872 2602 903 2634 in

1033 1697 1111 1727 10—
1122 1697 1172 1728 13.
1199 1698 1368 1739 auspz'st,‹u's
1379 1706 1493 1736 wegeu
1505 1696 1565 1727 der
1575 1697 1649 1735 (un-

982 1742 1136 1782 giiustigi
1141 1755 1158 1773 n
1209 1741 1650 1782 od‹1un1·ege11niissigen)

983 1787 1132 1829 ΑυεῙ)1(-..,
1166 1788 1289 1818 ν·οι1ι(,·ι
1321 1789 1396 1818 (Τίιο
1431 1789 1575 1818 oreatus.
1607 1804 1651 1809 —-

983 1843 1096 1874 mages
1113 1835 1293 1875 —polms
1314 1832 1416 1874 praei.
1441 1832 1490 1863 13.
1508 1850 1552 1855 —
1576 1833 1654 1862 ηουί

982 1889 1037 1909 ei.
1044 1878 1133 1919 ,ng
1144 1880 1174 1918 5,
1191 1879 1243 1917 29,
1258 1879 1288 1910 7.
1315 1876 1651 1909 EiueandereNach-

984 1923 1339 1966 1·1cht1udeii(.apit.l
1343 1923 1533 1960 asttn,dass
1549 1923 1650 1960 Cani„

984 1970 1035 2000 rei
1057 1969 1229 2011 gerendae
1258 1979 1360 2000 cansa
1393 1978 1465 1998 zum
1496 1968 1652 2000 Dictator

984 2015 1139 2056 gewa'hlt,
1169 2025 1215 2045 ea*
1243 2017 1377 2045 senalus
1405 2014 1552 2045 com-ullo
1577 2013 1648 2044 sein

984 2060 1060 2091 Anit
1086 2060 1314 2099 niedergelegt
1332 2059 1425 2099 habe,
1453 2059 1506 2091 die
1530 2058 1590 2090 auf
1602 2058 1651 2090 ei-

984 2115 1045 2136 nen
1086 2106 1233 2137 anderen
1266 2105 1421 2145 Hergang
1461 2105 1648 2136 schliesseu

985 2150 1078 2189 l'asst,
1107 2151 1235 2182 scheint
1259 2150 1294 2181 L.
1322 2150 1413 2181 nicht
1441 2150 1586 2191 gekannt
1609 2159 1650 2179 zu

982 2174 1097 2237 1131)(11,
1116 2206 1141 2227 s.
1152 2196 1359 2235 Becker2,1.
1346 2196 1371 2235 ),
1391 2196 1426 2228 17
1433 2194 1482 2227 2f
1498 2214 1540 2218 -
1554 2205 1651 2237 quem

982 2241 1068 2283 quid
1096 2242 1162 2281 vgl.
1192 2242 1246 2278 40
1268 2241 1315 2279 13,
1332 2242 1367 2272 43
1392 2244 1428 2273 ut
1445 2242 1563 2282 qulbus
1585 2244 1649 2271 etc.

981 2304 1024 2308 —
1038 2286 1136 2326 Fur„
1154 2286 1207 2317 ein
1228 2267 1262 2317 11.
1273 2286 1416 2318 —lzatld
1426 2288 1498 2318 sine
1511 2285 1650 2317 braucht

982 2330 1018 2362 L.
1038 2333 1120 2363 auch
1147 2334 1176 2366 5,
1196 2332 1247 2370 22,
1272 2333 1303 2363 l:
1335 2332 1387 2373 22,
1404 2333 1458 2371 44,
1478 2332 1514 2363 2;
1547 2330 1600 2366 23,
1619 2330 1648 2369 6,

983 2380 1021 2415 ‘33
1049 2377 1167 2408 Cicero
1193 2388 1254 2409 nur
1271 2387 1334 2408 mm
1351 2379 1434 2408 sine.
1459 2395 1501 2400 --
1526 2377 1650 2418 repeti-

983 2424 1097 2453 turum
1118 2423 1259 2454 vei-tritt
1277 2422 1331 2454 die
1342 2423 1446 2454 Stelle
1462 2422 1554 2454 eines
1563 2425 1648 2463 part.

982 2467 1289 2499 descondicionalis
1299 2469 1359 2499 der
1369 2468 1650 2509 Vergaugeuheit:

982 2513 1250 2555 qm'repetl'tm·11.s·
1258 2514 1378 2554 faerit.
1390 2531 1427 2535 —
1440 2512 1542 2544 srnml
1554 2511 1649 2553 quod,

984 2559 1043 2589 der
1061 2558 1172 2590 vierte
1192 2557 1317 2590 Gruud.
1335 2577 1379 2582 —
1395 2560 1429 2589 iu
1446 2558 1592 2590 orclz'nem
1612 2567 1650 2597 (κ,

985 2603 1016 2644 3,
1031 2603 1086 2643 51,
1104 2603 1153 2634 13.
1169 2621 1211 2625 —
1229 2606 1261 2635 et
1274 2603 1362 2645 quod
1378 2608 1440 2636 etc.
1459 2603 1513 2635 die
1531 2602 1648 2634 beiden
