1763 2983
142 153 173 171 a.
193 143 244 170 cn.
267 128 325 170 217ss
614 142 738 175 LIBER
762 142 873 175 XXII.
904 141 996 175 CAP.
1021 145 1074 177 20.
1479 140 1560 182 197

147 253 358 294 extraxere,
382 247 428 285 ad
452 245 625 297 quinque
637 252 674 285 et
685 246 817 297 viginti
828 245 1241 297 navesequadraginta
1253 257 1401 296 cepere.
1433 256 1560 295 neque
1579 249 1598 281 3

146 304 185 344 id
206 303 511 355 pulcherrimum
532 303 614 342 eius
635 302 816 341 victoriae
839 303 922 350 fuit,
945 303 1011 341 sed
1035 303 1140 353 quod
1162 315 1238 341 una
1254 302 1468 354 levipugna
1478 306 1560 340 toto

147 361 229 400 eius
258 372 347 399 orae
375 359 471 398 mari
494 359 602 410 potiti
628 364 747 398 erant.
806 359 934 410 itaque
961 359 1006 398 ad
1027 359 1200 398 Onusam
1224 359 1342 397 classe
1363 358 1559 410 provecti3
1579 367 1601 399 4

146 417 319 456 escensio
350 416 396 455 ab
423 415 586 455 navibus
616 416 655 454 in
682 423 825 454 terram
855 418 964 454 facta.
1024 428 1112 454 cum
1143 415 1280 454 urbem
1304 415 1341 454 vi
1370 416 1562 466 cepissent

148 479 374 524 captamque
396 472 657 523 diripuissent,
688 472 955 523 Carthaginem
976 472 1066 510 inde
1088 478 1235 523 petunt,
1266 478 1379 522 atque
1402 484 1560 511 omnem
1580 483 1599 514 5

146 542 281 581 agrum
320 529 419 567 circa
449 529 669 580 depopulati
699 534 897 579 postremo
929 534 1025 567 tecta
1058 541 1214 579 quoque
1244 529 1414 567 iniuncta
1444 541 1559 567 muro

146 586 346 637 portisque
370 586 639 624 incenderunt.
678 585 768 623 inde
798 586 871 624 iam
901 585 1042 636 praeda
1064 586 1188 636 gravis
1210 586 1255 623 ad
1276 585 1560 636 Longunticam
1579 601 1598 632 6

144 643 319 693 pervenit
349 642 489 689 classis,
520 642 586 680 ubi
616 642 672 680 vis
696 654 832 692 magna
852 643 969 692 sparti
989 642 1035 680 ad
1057 654 1140 680 rem
1161 642 1352 680 nauticam
1379 648 1559 693 congesta

142 706 231 738 erat
258 698 303 737 ab
335 699 584 737 Hasdrubale.
637 699 742 749 quod
773 699 861 737 satis
892 699 931 736 in
963 711 1077 737 usum
1109 698 1181 736 fuit
1207 698 1356 737 sublato
1388 704 1560 738 ceterum

145 768 262 794 omne
283 756 486 794 incensum
508 761 575 794 est.
614 767 686 793 nec
716 755 948 794 continentis
980 755 1098 793 modo
1129 761 1328 805 praevecta
1357 760 1413 793 est
1439 767 1560 802 oram,
1579 771 1599 802 7

145 812 211 850 sed
233 812 273 850 in
293 812 468 850 Ebusum
491 812 656 850 insulam
678 812 961 850 transmissum.
1010 811 1063 849 ibi
1091 811 1199 858 urbe,
1232 823 1328 861 quae
1359 817 1474 862 caput
1497 812 1560 850 in-

146 869 249 906 sulae
271 874 337 915 est,
366 868 528 907 biduum
559 868 797 919 nequiquam
827 880 983 907 summo
1013 867 1145 906 labore
1175 874 1394 918 oppugnata
1424 868 1490 906 ubi
1520 868 1561 906 in
1581 880 1599 913 g

145 937 254 975 spem
286 925 439 963 inritam
459 926 603 963 frustra
624 925 695 963 teri
718 932 871 975 tempus
892 925 1205 963 animadversum
1229 930 1295 971 est,
1326 925 1371 963 ad
1394 925 1560 975 popula·
1580 936 1599 967 9

144 981 290 1020 tionem
316 982 396 1032 agri
427 982 527 1020 versi
551 982 710 1032 direptis
731 982 876 1032 aliquot
893 981 1140 1032 incensisque
1164 981 1256 1019 vicis
1279 981 1424 1019 maiore
1445 993 1562 1032 quain

145 1050 191 1076 ex
223 1038 434 1076 continenti
465 1038 603 1088 praeda
636 1045 741 1088 parta
765 1050 853 1076 cum
877 1038 917 1075 in
941 1050 1057 1076 naves
1081 1051 1121 1076 se
1142 1037 1389 1088 recepissent,
1419 1050 1465 1075 ex
1488 1038 1562 1076 Ba-

145 1094 301 1132 liaribus
339 1095 475 1132 insulis
506 1095 616 1145 legati
647 1107 779 1145 pacem
810 1100 983 1144 petentes
1015 1094 1060 1132 ad
1093 1094 1313 1145 Scipionem
1358 1100 1562 1133 venerunt.

195 1252 291 1284 3-6.
342 1253 408 1282 eius
433 1262 498 1291 or.,
525 1260 565 1281 an
591 1251 650 1282 der
676 1250 820 1282 Ostseite
866 1256 907 1282 ‘a
938 1253 1028 1283 litore
1053 1252 1253 1292 Carthaqz‘nis
1278 1262 1374 1283 novae
1396 1254 1564 1293 minusque

147 1296 325 1338 Spaniens,
361 1295 428 1327 Pol.
462 1297 630 1328 erw'zihnt.
669 1296 734 1327 wie
766 1298 820 1335 21,

150 1344 212 1378 61,
239 1341 290 1373 die
316 1340 394 1382 folg.
420 1341 509 1382 Ziige
534 1343 552 1381 ξ
579 1343 616 1381 3,
659 1351 684 1373 c.
711 1343 773 1381 21,
801 1342 819 1374 8

152 1387 259 1425 nicht,
286 1387 414 1419 schiebt
440 1387 519 1418 aber
544 1387 633 1426 hier,
660 1397 684 1418 s.
711 1397 737 1418 c.
764 1388 819 1426 96,

152 1435 183 1471 7,
209 1432 260 1464 die
286 1443 349 1463 vou
369 1432 403 1464 L.
429 1443 456 1463 c.
486 1434 535 1469 11,
564 1434 582 1465 6
606 1443 636 1463 u.
655 1442 680 1463 c.
702 1434 742 1465 31
762 1432 820 1464 be-

146 1479 284 1509 riihrten
306 1478 482 1518 Vorgange
511 1478 571 1509 ein.
588 1496 631 1500 —
648 1489 761 1511 escen&
781 1479 819 1509 ab

149 1534 203 1561 w,
228 1523 292 1554 wie
317 1525 354 1554 ab
378 1526 454 1555 urbe
478 1535 658 1555 escensurus
684 1525 737 1563 36,
764 1525 818 1561 24,

148 1571 167 1601 9
201 1568 390 1600 construirt.
417 1587 460 1591 —
486 1572 642 1609 Onusam,
679 1569 736 1601 ‹ler
760 1568 821 1600 Ort

147 1614 231 1645 wird
252 1614 342 1645 viell.
363 1616 446 1646 noch
465 1617 518 1655 21,
541 1617 594 1655 22,
616 1618 634 1648 5
652 1615 817 1646 erw'ahnt.

147 1677 192 1681 -—
218 1661 374 1701 Cartlzaq..
401 1670 427 1691 c.
456 1662 514 1699 19,
542 1662 571 1693 3,
596 1678 640 1682 —
663 1663 819 1699 iniuncta,

148 1716 173 1736 s.
201 1706 259 1743 27,
296 1707 356 1739 41,
392 1707 428 1738 3:
473 1707 641 1737 Grumenti
663 1707 821 1737 moenibus

145 1761 244 1789 prope
266 1751 442 1782 iniunctum
463 1753 597 1790 vallmn3
623 1761 657 1783 es
678 1751 749 1782 sind
769 1751 820 1782 die

151 1794 342 1835 Vorstadte,
370 1796 420 1828 die
446 1796 496 1827 bis
521 1796 553 1827 in
579 1796 630 1828 die
652 1796 748 1828 Niihe
763 1797 821 1828 der

148 1839 257 1872 Thore
274 1841 339 1872 und
360 1841 493 1873 Manem
515 1842 657 1874 reichen.
699 1842 748 1873 Da
766 1842 818 1874 die

148 1885 241 1917 Hdss.
258 1889 414 1926 incompta
431 1887 552 1928 bieteu,
577 1888 665 1919 kanu
685 1887 720 1919 L.
738 1888 820 1919 auch

146 1934 314 1964 coniuncta
337 1932 400 1964 wie
429 1935 456 1972 1,
485 1935 538 1971 44,
565 1935 585 1966 4
603 1933 819 1974 geschrieben

148 1977 264 2009 haben.
291 1995 334 2000 ——
358 1980 599 2020 Lonyuntz'cam,
622 1983 714 2010 sonst
730 1978 820 2010 nicht

148 2021 312 2063 bekannt,
345 2023 473 2055 scheint
496 2024 529 2055 in
554 2025 612 2056 der
635 2024 730 2056 Niihe
755 2035 819 2056 von

150 2066 382 2109 Neucarthago
408 2070 544 2110 gelegen
569 2081 609 2101 zu
633 2070 750 2110 haben,
777 2070 816 2101 da

150 2111 225 2142 dort
249 2112 306 2144 das
332 2111 575 2160 Ertaprciptou
603 2115 737 2148 πεδίον
760 2116 820 2148 be-

150 2167 247 2197 gann,
273 2168 298 2188 s.
316 2157 438 2190 Uckert
462 2161 492 2194 2,
513 2161 540 2199 1,
560 2162 635 2193 401.
650 2179 693 2184 —-
708 2164 820 2204 sparti,

150 2201 392 2243 Psriemengras
425 2205 589 2245 (Esparto,
622 2208 705 2245 stipa
730 2213 820 2239 tena-

148 2250 273 2279 cissima
291 2248 411 2291 Linn.)‚
436 2250 503 2290 vgl.
525 2249 608 2282 Plin.
632 2253 683 2291 19,
709 2253 740 2292 2,
761 2253 820 2285 30:

148 2297 358 2332 conplectatur
390 2298 494 2327 animo
529 2299 588 2336 qui
616 2299 693 2328 volet
723 2300 820 2329 mira-

148 2342 251 2370 culum
283 2343 463 2383 aestimare,
497 2348 614 2382 quanto
637 2344 679 2374 sit
703 2344 737 2373 in
761 2354 821 2374 usu

148 2384 321 2426 (spartum)
368 2389 510 2418 omnibus
556 2390 653 2419 terris
692 2390 820 2420 navium

146 2434 362 2469 armamentis,
387 2434 542 2464 machinis
567 2435 820 2473 aedificationum

147 2477 280 2516 aliti-ique
302 2479 464 2510 deszderiis
488 2481 577 2510 vitae.
615 2481 659 2510 ad
683 2481 738 2509 hos
754 2490 820 2511 om·

147 2522 199 2551 nis
229 2532 304 2552 ueus
336 2534 416 2563 quae
439 2525 606 2565 sufficiant
628 2526 734 2555 minus
757 2527 820 2557 tri-

143 2568 234 2606 9ima
264 2570 350 2599 milia
378 2580 529 2608 passuum
563 2572 597 2601 in
621 2572 819 2603 latitudinem

890 1299 920 1328 0.
954 1299 989 1328 in
1021 1299 1248 1338 Zonqz‘tudc'nem
1272 1309 1334 1329 esse
1355 1300 1562 1336 reperientur.

889 1361 932 1364 -—
959 1349 1026 1374 erat
1049 1342 1178 1374 scheint
1204 1353 1265 1373 vor
1288 1345 1325 1374 ab
1345 1342 1560 1384 ausgefallen,

889 1387 954 1419 wie
979 1389 1033 1427 23,
1060 1389 1113 1427 35,
1140 1389 1179 1426 3:
1214 1390 1267 1425 24,
1295 1390 1348 1424 36,
1380 1390 1414 1427 13
1449 1390 1503 1429 27,
1530 1391 1560 1428 5,

890 1435 925 1472 9;
955 1435 1008 1472 28,
1036 1435 1089 1470 22,
1119 1435 1137 1466 2
1163 1445 1194 1465 u.
1214 1444 1255 1474 a.,
1282 1433 1488 1475 vgl.jed0ch
1507 1436 1561 1473 22,

890 1481 943 1519 52,
971 1481 1007 1521 53
1035 1481 1088 1519 35,
1119 1481 1168 1519 10,
1199 1482 1236 1522 ὃς
1262 1481 1316 1519 44,
1343 1481 1396 1519 30,
1428 1481 1453 1513 1.

937 1571 1032 1602 7—9.
1074 1576 1242 1609 praevecta
1277 1570 1381 1602 bildet
1415 1581 1476 1602 nur
1500 1571 1562 1602 (len

889 1614 1077 1656 Gegensatz
1120 1626 1160 1646 zu
1200 1619 1440 1656 transmissum,
1488 1617 1562 1648 dass

888 1662 972 1692 auch
990 1660 1143 1701 gelandet
1163 1662 1297 1693 worden
1317 1662 1375 1699 sei,
1401 1662 1446 1694 ist
1462 1663 1563 1694 sehon

888 1706 1053 1739 bemerkt:
1090 1707 1170 1738 iiber
1197 1710 1350 1746 praevehi
1380 1718 1405 1739 s.
1437 1709 1472 1747 1,
1507 1710 1562 1747 45,

889 1753 919 1784 6.
951 1769 997 1774 -·
1035 1754 1198 1791 Ebusum,
1247 1753 1304 1784 der
1352 1753 1562 1795 pho’nicische

888 1797 990 1829 Name
1007 1797 1064 1829 der
1082 1797 1197 1829 beiden
1215 1797 1376 1841 Pityuseu
1392 1798 1563 1839 (Fichten-

888 1843 1015 1884 inseln),
1041 1856 1066 1875 s.
1094 1845 1147 1882 28,
1174 1845 1226 1883 37,
1255 1854 1295 1875 an
1321 1845 1379 1876 der
1405 1844 1562 1876 Ostkiiste

888 1888 1057 1930 Spaniens,
1086 1888 1168 1920 Pliu.
1195 1891 1234 1929 3,
1276 1892 1334 1929 11,
1379 1892 1438 1923 76:
1478 1901 1564 1922 nuno

888 1937 1014 1966 Ebusus
1036 1942 1164 1967 vocatur
1187 1942 1324 1976 utraque
1334 1947 1349 1975 ‚·
1393 1946 1434 1967 an
1459 1947 1489 1967 u.
1515 1936 1562 1967 St.

888 1980 932 2011 ist
958 1980 1024 2011 wol
1049 1980 1100 2012 die
1128 1983 1279 2022 grossere
1299 1981 1359 2012 mit
1384 1982 1443 2013 der
1467 1981 1564 2013 Stadt

887 2025 1038 2066 gleichen
1063 2026 1204 2058 Namens
1229 2026 1382 2067 gemeint,
1407 2027 1480 2059 eine
1504 2027 1563 2059 be-

887 2071 1048 2103 deutende
1073 2071 1373 2104 Zwischeustation
1398 2073 1564 2104 zwischen

887 2116 1001 2148 Africa
1019 2118 1083 2149 und
1097 2118 1270 2150 Sardinien
1292 2120 1357 2150 und
1371 2118 1441 2150 dem
1461 2123 1563 2150 west-

887 2163 995 2195 lichen
1016 2163 1167 2206 Spanien.
1186 2182 1229 2186 —
1246 2166 1282 2195 in
1304 2176 1398 2203 spem.
1426 2166 1479 2203 21,
1507 2166 1562 2205 45,

888 2210 928 2248 4,
955 2209 1019 2249 vgl.
1045 2211 1080 2248 2,
1106 2211 1145 2249 6,
1167 2212 1202 2242 1:
1239 2216 1342 2242 tantae
1364 2212 1407 2241 ad
1428 2212 1564 2241 inritum

887 2257 1027 2286 cadentis
1051 2258 1139 2294 spei;
1162 2255 1311 2286 derselbe
1329 2255 1456 2296 Begriff
1481 2254 1564 2295 liegt

888 2301 972 2331 auch
1005 2300 1038 2331 in
1071 2303 1279 2342 nequiquam:
1323 2301 1405 2332 ohne
1436 2299 1562 2340 Erfolg,

888 2345 952 2376 und
984 2345 1017 2376 in
1041 2346 1195 2386 frustra:
1240 2346 1299 2377 mit
1331 2345 1562 2386 vergeblichen

888 2390 1174 2432 Austrengungen.
1214 2409 1257 2414 —
1293 2394 1428 2430 maiore,
1470 2394 1563 2423 sonst

888 2435 974 2467 wird
1011 2436 1062 2468 die
1092 2436 1177 2468 Insel
1200 2436 1290 2467 nieht
1316 2436 1365 2468 als
1390 2435 1564 2468 fruchtbar

888 2481 1099 2522 geschildert,
1127 2481 1248 2514 Uckert
1274 2482 1295 2513 1.
1323 2481 1344 2513 l.
1372 2484 1448 2515 470.
1466 2499 1512 2504 --
1528 2493 1566 2514 ex

888 2529 978 2569 Bau,
1018 2529 1080 2567 28,
1107 2529 1167 2567 37,
1198 2530 1235 2565 43
1277 2527 1341 2559 wie
1370 2526 1487 2559 Melita
1508 2528 1562 2568 21,

889 2574 944 2612 51,
978 2576 1004 2606 1.
