1763 2983
239 189 320 230 384

731 189 856 222 LlBER
883 189 928 222 X.
970 188 1065 223 CAP.
1091 190 1121 222 4.
1153 191 1183 223 5.

1509 199 1531 217 ι4
1555 199 1580 217 u.
1601 190 1663 219 45¹2..

172 303 209 335 11
242 291 318 330 iam
342 291 432 330 dolo
455 291 540 343 capi
562 303 679 343 quam
703 292 823 331 arinis
846 292 946 332 vinci
968 296 1126 345 posse.“
1166 292 1262 332 haec
1282 292 1350 333 ubi
1371 292 1500 332 audita
1517 297 1664 332 suntet

237 348 284 387 ad
302 360 383 394 eos,
407 348 474 399 qui
491 349 751 388 consederant
769 349 807 387 in
825 349 987 396 insidiis,
1004 351 1163 402 perlata,
1185 355 1481 389 consurrectum
1499 354 1662 401 repente

236 417 280 443 ex
303 404 461 443 latebris
485 410 555 452 est,
580 409 618 444 et
641 405 681 444 in
702 410 901 457 patentem
923 406 970 445 ad
992 411 1245 459 conspectum
1275 406 1447 457 undique
1479 418 1660 457 campum

172 468 209 501 12
240 461 389 512 prolata
410 461 529 513 signa.
572 462 651 501 visa
671 462 793 514 legato
815 463 940 502 maior
960 464 1072 509 acies,
1095 475 1213 515 quam
1235 476 1334 515 quae
1355 463 1401 502 ab
1419 475 1490 502 suo
1513 462 1662 514 praesi-

240 518 304 556 dio
329 518 515 557 sustineri
536 524 680 570 posset.
731 519 863 571 itaque
884 533 1050 573 propere
1071 521 1117 559 ad
1139 519 1366 559 dictatorem
1397 519 1534 559 auxilia
1562 519 1661 558 acci—

190 578 215 613 5
242 581 326 613 tum
348 575 485 623 mittit,
507 575 654 615 interea
676 576 756 628 ipse
778 576 950 628 impetus
967 577 1139 616 hostium
1157 577 1337 616 sustinet.
1369 576 1516 616 Nuntio
1533 575 1661 616 adlato

241 631 410 671 dictator
433 632 543 683 signa
565 633 658 672 ferri
678 646 722 672 ac
742 634 852 685 sequi
874 633 982 672 iubet
1002 639 1185 674 armatos.
1237 634 1304 673 sed
1337 633 1519 672 celeriora
1540 645 1662 684 prope

190 697 209 728 2
240 688 370 727 omnia
387 689 551 741 imperio
569 696 698 738 erant3
718 696 827 742 rapta
844 690 1039 741 extemplo
1056 690 1164 741 signa
1180 702 1377 742 armaque,
1397 694 1436 729 et
1446 689 1506 728 vix
1523 689 1569 728 ab
1586 689 1663 728 iin-

239 750 334 796 pctu
355 751 391 784 et
414 759 531 785 cursu
553 747 799 786 tenebantur.
832 759 920 786 cum
945 747 998 785 ira
1019 746 1066 786 ab
1085 752 1241 800 accepta
1257 758 1382 798 nuper
1398 746 1504 785 clade
1521 746 1661 785 stimu-

240 802 353 848 labat,
374 807 460 842 tum
483 804 712 843 concitatior
733 804 907 843 accidens
931 804 1076 843 clamor
1096 803 1143 843 ab
1165 805 1409 844 increscente
1436 803 1661 843 certamine.

203 872 221 902 3
241 865 383 910 urgent
413 860 542 912 itaque
575 861 637 899 alii
668 861 763 899 alios
794 861 1079 912 hortanturque
1110 861 1329 913 signiferos,
1361 867 1404 900 ut
1428 861 1537 900 ocius
1560 865 1660 899 eant.

238 929 316 968 quo
338 917 458 968 magis
481 918 712 957 festinantes
735 917 838 957 ridet
855 918 1032 965 dictator,
1054 932 1100 957 eo
1119 918 1322 970 inpensius
1339 923 1508 957 retentat
1523 928 1663 968 agmen

191 984 211 1015 4
240 986 283 1013 ac
303 975 447 1013 sensim
465 974 646 1014 incedere
663 974 780 1013 iubet.
813 974 965 1014 Etrusci
982 981 1128 1022 contra,
1152 975 1343 1028 principio
1362 974 1478 1014 exciti
1498 986 1661 1026 pugnae,
1703 980 1715 991 '

240 1030 425 1070 omnibus
457 1031 577 1082 copiis
609 1032 790 1078 aderant3
832 1036 870 1070 et
901 1044 1020 1083 super
1050 1032 1144 1071 alios
1176 1032 1238 1071 alii
1270 1032 1456 1071 nuntiant
1486 1031 1663 1070 dictatori

240 1100 380 1127 omnes
402 1088 575 1139 legiones
598 1087 852 1127 Etruscorum
878 1089 1090 1140 capessisse
1112 1101 1297 1140 pugnam,
1319 1101 1393 1128 nec
1414 1088 1490 1127 iam
1513 1088 1559 1127 ab
1583 1088 1662 1126 suis

238 1144 365 1183 resisti
387 1157 523 1196 posse;
547 1151 584 1183 et
606 1146 687 1196 ipse
709 1146 836 1185 cernit
857 1157 903 1184 cx
925 1146 1127 1197 superiore
1149 1147 1246 1193 loco,
1278 1146 1318 1184 in
1348 1150 1495 1196 quanto
1526 1144 1663 1183 discri—

193 1210 210 1239 5
241 1201 346 1240 1111116
368 1201 605 1252 praesidium
631 1207 744 1241 essct.
778 1207 953 1241 ceterum
971 1202 1065 1241 satis
1087 1205 1208 1242 fretus
1225 1215 1312 1241 esse
1335 1202 1453 1241 etiam
1472 1214 1579 1242 nunc
1599 1206 1663 1240 to·

239 1258 398 1297 lerando
421 1259 625 1298 certamini
647 1259 828 1310 legatum,
857 1272 931 1299 nec
952 1272 992 1298 se
1015 1260 1149 1311 procul
1179 1259 1313 1299 abesse
1344 1258 1503 1310 periculi
1534 1258 1661 1297 vindi-

239 1328 337 1362 cem,
363 1328 478 1367 quam
503 1316 671 1355 maxime
694 1316 774 1355 vult
795 1316 943 1367 fatigari
961 1316 1128 1363 hostem,
1151 1322 1193 1356 ut
1213 1316 1374 1367 integris
1390 1315 1589 1355 adoriatur
1606 1315 1662 1354 vi-

192 1377 210 1408 6
240 1372 349 1411 ribus
364 1372 503 1412 fessos.
537 1385 772 1425 quamquam
792 1373 897 1412 lente
914 1374 1143 1424 procedunt,
1162 1374 1237 1413 iam
1255 1378 1388 1412 tamen
1406 1373 1453 1412 ad
1470 1372 1661 1424 impetum

241 1429 495 1480 capiundum,
516 1430 641 1481 equiti
663 1431 811 1482 utique,
834 1431 1031 1470 modicum
1049 1436 1131 1470 erat
1149 1431 1331 1482 spatium.
1364 1430 1488 1481 prima
1504 1429 1661 1469 incede—

240 1485 335 1524 bant
356 1486 467 1537 signa
490 1487 700 1538 legionum,
723 1500 772 1526 ne
795 1488 886 1539 quid
904 1487 1100 1527 occultum
1119 1493 1183 1527 aut
1200 1487 1452 1539 repentinum
1469 1486 1594 1525 hostis
1610 1485 1661 1524 ti-

241 1548 387 1591 meret3
410 1543 479 1582 sed
502 1543 713 1595 reliquerat
733 1544 931 1584 intervalla
953 1544 1055 1584 inter
1077 1545 1233 1584 ordines
1253 1544 1441 1596 peditum,
1472 1556 1548 1596 qua
1569 1543 1662 1582 satis

287 1642 328 1678 5.
359 1647 454 1679 1—5.
493 1649 618 1690 impetu
648 1660 675 1679 e.
702 1659 740 1687 e.‚
770 1648 912 1688 Angriff,

242 1693 303 1724 (1611
340 1692 391 1725 sie
427 1693 470 1724 im
500 1694 741 1726 Sturmschritt
779 1694 915 1725 macheu

242 1738 375 1770 wollcn.
405 1756 450 1761 --—
477 1739 653 1779 tenebant„
682 1739 726 1771 im
750 1739 915 1780 Vorherg.

241 1784 316 1815 sind
334 1783 388 1815 die
407 1784 564 1816 Soldaten
583 1785 641 1817 das
661 1785 812 1827 logische
832 1784 916 1816 Sub-

237 1829 318 1870 ject.
338 1847 380 1852 —
397 1830 438 1860 ab
455 1833 590 1873 accept„
610 1831 674 1872 vgl.
697 1831 727 1872 2,
747 1831 799 1872 51,
815 1831 851 1861 6:
871 1840 917 1861 ea·

241 1876 302 1906 lzac
320 1873 413 1906 clade
430 1878 533 1907 att-oa,-
550 1877 624 1915 ἱνα,
653 1878 706 1917 25,
729 1877 780 1917 15,
799 1877 836 1907 5:
863 1877 916 1908 ira

243 1922 276 1951 ιή
303 1920 472 1952 Romanos
494 1924 631 1965 propter
654 1921 783 1953 obsides
811 1923 917 1953 ‘inter-

241 1968 352 2008 fectos
370 1977 400 1997 u.
419 1977 461 2007 11.,
479 1967 699 2007 gewtfflulich,
724 1967 792 2008 vgl.
813 1967 844 2008 7,
866 1969 916 2006 10,

243 2013 274 2050 5,
305 2010 395 2050 giebt
413 2011 449 2043 L.
480 2013 541 2044 den
569 2013 600 2043 111
629 2013 722 2045 einer
742 2012 918 2044 Geiniiths-

243 2057 426 2097 bewcgung
469 2057 644 2099 liegenden
689 2057 917 2099 Beweggruud

243 2113 306 2133 nur
324 2102 429 2133 durch
444 2104 486 2134 ab
504 2114 556 2144 au,
575 2104 640 2135 wic
653 2104 694 2135 ab
712 2103 798 2144 odio,
815 2114 835 2134 α
852 2114 918 2146 spe,

242 2149 283 2179 ab
301 2149 354 2179 ira
372 2158 403 2179 u.
422 2158 464 2189 a.,
482 2148 555 2180 hier
574 2149 727 2190 zuglcich
750 2149 811 2181 deu
832 2149 919 2180 Aus—

243 2193 454 2235 gangspunkt
471 2195 530 2226 des
548 2193 668 2236 Zorns,
693 2206 708 2226 s
740 2195 772 2234 4,
791 2195 844 2234 32,
867 2195 918 2234 10,

243 2240 317 2271 dem
340 2239 461 2280 analog
485 2240 568 2271 auch
599 2241 640 2271 ab
664 2242 866 2272 increscente
890 2249 914 2271 c.

244 2287 362 2326 gesagt
381 2284 435 2316 ist.
454 2302 492 2307 -—
511 2287 664 2318 concitat.
683 2296 745 2325 ac.,
765 2295 792 2318 s.
813 2286 843 2324 9,
867 2286 916 2324 16,

249 2330 299 2362 18.
329 2327 445 2362 Ueber
461 2328 586 2362 clamor
599 2332 666 2372 s.4,
681 2331 735 2371 37,
751 2332 780 2363 9.
800 2349 842 2353 ——
859 2340 918 2362 ur-

241 2378 337 2417 gent,
364 2386 390 2407 s.
418 2375 450 2417 9,
478 2375 528 2416 13,
553 2376 583 2407 2.
602 2393 645 2398 ——
663 2377 817 2408 omnibus
839 2386 919 2418 cop„

233 2422 277 2461 ..8,
297 2421 327 2459 2,
348 2422 378 2453 5.
398 2438 440 2444 -
459 2430 557 2463 super
573 2420 615 2452 al.
635 2421 689 2461 aL,
709 2421 808 2460 6,10,
828 2421 858 2452 8.
878 2438 919 2443 —

245 2468 330 2498 satis
347 2466 465 2507 geho'rt
488 2466 548 2498 der
567 2465 821 2506 Wortstelluug
838 2466 921 2498 uach

247 2522 287 2543 zu
303 2512 428 2553 fretus,
446 2511 511 2543 wie
531 2511 584 2552 23,
612 2512 662 2551 16,
693 2511 749 2543 11;
775 2510 857 2543 salis
880 2511 921 2553 fi—

246 2557 342 2595 den-n
375 2558 429 2596 40,
459 2556 513 2594 31,
546 2557 578 2588 1:
607 2557 693 2588 satis
716 2558 766 2588 tot
790 2556 919 2589 dt'eruw

242 2603 349 2643 quiete
368 2601 506 2634 credidit
522 2611 608 2644 spem
625 2602 774 2643 factunm
795 2600 848 2640 28,
865 2600 918 2633 35.

991 1649 1048 1679 11:
1077 1651 1159 1680 satis
1176 1658 1313 1692 sperare
1336 1660 1365 1681 u.
1385 1659 1413 1680 a.
1439 1667 1480 1671 -—
1506 1657 1603 1688 nunc,
1629 1647 1660 1687 3,

989 1695 1044 1735 40,
1068 1696 1116 1727 10.
1136 1713 1178 1717 ——
1196 1694 1366 1726 tolerando
1385 1704 1411 1725 c.
1429 1705 1468 1733 6.,
1494 1693 1547 1733 30,
1574 1693 1605 1733 6,
1624 1692 1660 1724 3:

989 1750 1073 1781 quae
1088 1739 1328 1781 restinguendo
1353 1741 1429 1781 igni
1449 1740 1578 1781 forent.
1611 1737 1661 1769 Zu

988 1786 1206 1817 uec—abesse
1234 1785 1280 1817 ist
1303 1785 1355 1816 ein
1382 1784 1663 1827 cntsprechender

989 1830 1129 1871 Begriss:
1148 1830 1270 1871 videns,
1287 1834 1388 1862 ratus
1405 1841 1463 1862 aus
1479 1831 1604 1873 fretus
1621 1839 1660 1860 zu

990 1876 1140 1908 nchmen.

1036 1922 1064 1953 (i.
1108 1933 1330 1964 quamquam,
1371 1921 1405 1953 111
1444 1921 1505 1953 der
1536 1930 1661 1961 gauzen

986 1967 1211 2012 ¹Schildcrung
1224 1968 1379 1999 heri-seht
1393 1967 1451 1998 das
1466 1965 1661 2009 Asyndctou

992 2023 1065 2044 vor.
1084 2031 1127 2036 —-
1147 2013 1243 2053 lente,
1262 2024 1288 2044 s.
1308 2012 1361 2054 38,
1380 2012 1435 2054 21,
1453 2012 1483 2044 3.
1502 2030 1545 2034 —
1562 2012 1663 2053 sig-na

990 2058 1064 2100 lega,
1080 2057 1117 2090 L.
1136 2058 1267 2090 scheiut
1280 2070 1309 2090 a.
1328 2069 1358 2089 u.
1372 2058 1421 2090 St.
1437 2068 1477 2089 an
1492 2057 1546 2088 (116
1560 2055 1664 2088 Adler

990 2104 1050 2135 der
1075 2103 1246 2145 chioueu
1270 2104 1304 2135 in
1329 2104 1389 2135 der
1413 2104 1570 2145 spiitereu
1587 2102 1664 2133 Zeit

990 2149 1131 2189 gedacht
1148 2160 1189 2180 zu
1206 2149 1323 2189 haben,
1342 2160 1367 2181 s.
1385 2149 1438 2188 26,
1457 2148 1509 2188 48,
1528 2148 1588 2186 12;
1609 2147 1663 2188 28,

995 2195 1046 2234 14,
1077 2195 1135 2235 103
1170 2194 1381 2235 gewb'hnlich
1413 2193 1517 2226 meiut
1545 2202 1584 2225 er
1611 2192 1663 2225 die

991 2239 1128 2272 Fahneu
1146 2240 1204 2272 der
1222 2239 1377 2282 Manipel‚
1395 2250 1422 2272 s.
1440 2250 1468 2271 c.
1483 2238 1536 2277 28,
1555 2240 1603 2272 11.
1621 2257 1663 2261 —ffl

993 2296 1033 2316 ne
1049 2285 1130 2326 quid
1145 2289 1207 2316 ete.
1227 2285 1329 2317 damit
1347 2285 1396 2317 sie
1411 2284 1510 2316 keiue
1525 2282 1664 2324 1111633-

990 2330 1062 2370 list,
1093 2330 1236 2362 sondern
1263 2341 1326 2361 nur
1352 2330 1405 2361 die
1429 2329 1661 2371 gewo'huliche

993 2373 1168 2417 Hampfart
1183 2376 1243 2407 der
1255 2374 1377 2407 Ro'mer
1390 2379 1606 2407 erwartetcn.
1622 2392 1664 2397 ——

994 2420 1171 2452 intervalla
1186 2425 1264 2462 etc„
1281 2420 1374 2452 nicht
1387 2420 1438 2452 als
1453 2420 1493 2452 ob
1508 2420 1557 2452 sic
1570 2424 1665 2451 sonst

995 2465 1353 2506 zusammeugedriingt
1380 2465 1562 2505 gestanden
1590 2465 1665 2497 h'at-

995 2516 1064 2551 ten,
1091 2522 1116 2543 s.
1140 2512 1171 2550 8,
1198 2511 1235 2551 8,
1274 2511 1419 2542 sondern
1437 2509 1474 2542 L.
1501 2509 1576 2541 will
1599 2510 1664 2542 wol

993 2566 1105 2597 sagen,
1121 2555 1197 2588 dass
1216 2556 1270 2588 die
1289 2555 1462 2588 intervalla
1479 2555 1584 2587 durch
1597 2555 1664 2587 alle

994 2601 1067 2633 drei
1093 2601 1184 2633 acies
1202 2600 1462 2641 durchgiengem
1495 2600 1584 2632 nicht
1612 2599 1665 2631 die
