1763 2983
64 164 87 182 a.
108 155 159 184 Ch,
179 155 249 182 380.’
294 153 297 155 “
523 155 648 188 LIBER
675 155 726 189 Vl.
768 156 858 189 CAP.
885 158 937 190 28.
963 158 1016 190 29.
1425 162 1469 200 61

65 256 206 296 turos?
241 257 387 309 species
407 258 581 309 profecto
604 257 661 296 his
690 258 740 296 ihi
762 263 890 297 truces
912 259 1107 299 Gallorum
1132 272 1350 312 sonumque
1374 263 1476 300 vocis

65 314 103 352 in
133 313 252 353 oculis
283 318 398 365 atque
427 314 583 353 auribus
609 314 705 353 fore.
752 314 820 353 has
851 315 1023 354 inanium
1052 329 1184 355 rerum
1213 318 1344 357 inanes
1373 318 1475 369 ipsas

65 370 260 409 volventes
282 370 532 421 cogitationes
552 371 732 409 fortunae
754 372 827 410 loci
849 372 1114 423 delegaverant
1135 386 1222 424 spes
1250 387 1349 414 suas.
1396 375 1476 413 Ro-

64 427 168 466 mani
196 432 340 474 contra,
373 427 607 478 ubicumque
634 433 735 466 esset
766 427 923 466 Latinus
961 429 1101 475 hostis,
1138 430 1230 469 satis
1258 432 1356 470 scire
1385 444 1474 470 eum

65 496 162 530 esse,
192 496 306 535 quem
338 484 383 522 ad
404 484 592 535 Regillum
616 485 739 523 lacum
769 484 960 522 devictum
984 490 1141 524 centum
1162 499 1354 527 annorum
1383 501 1474 540 pace

67 540 232 579 obnoxia
252 540 466 589 tenuerint,
496 541 624 580 locum
652 541 841 591 insignem
864 542 1053 580 memoria
1083 542 1198 581 cladis
1230 544 1475 584 inritaturum

65 609 106 635 se
127 597 255 648 potins
286 598 333 636 ad
355 597 558 637 delendam
582 598 811 636 memoriam
835 598 1047 644 dedecoris,
1071 611 1188 649 quam
1220 606 1262 638 ut
1292 602 1474 640 timorem

65 654 189 701 faciat,
212 666 261 692 ne
278 666 354 705 qua
370 660 471 693 terra
494 655 542 693 sit
567 655 718 693 nefasta
745 654 927 694 victoriae
950 668 1062 701 suae,
1085 655 1179 706 quin
1197 656 1270 707 ipsi
1291 658 1364 696 sibi
1382 658 1476 697 Galli

68 711 99 749 si
122 704 338 749 offerantur
358 711 421 750 illo
443 712 539 758 loco,
567 724 608 749 se
631 711 681 751 ita
702 717 959 762 pugnaturos,
990 716 1033 750 ut
1053 712 1199 751 Romae
1222 715 1478 764 pugnaverint

66 767 106 805 in
127 768 339 819 repetenda
362 768 495 819 patria,
527 773 571 807 ut
592 773 750 819 postero
774 768 834 807 die
856 768 901 807 ad
925 768 1079 815 Gabios,
1111 774 1206 808 tune
1226 783 1315 809 cum
1338 772 1478 809 effece-

68 824 160 871 rint,
181 836 230 863 ne
253 824 338 876 quis
359 824 499 871 hostis,
522 825 587 876 qui
608 825 762 864 moenia
785 825 959 864 Romana
981 825 1177 873 intrasset,
1208 827 1391 866 nuntium
1414 841 1478 866 se-

69 881 217 920 cundae
238 882 496 933 adversaeque
518 882 698 922 fortunae
721 883 881 921 domum
904 882 1105 933 perferret.

176 938 243 976 His
265 938 459 990 utrimque
480 939 622 978 animis
645 939 690 977 ad
712 939 833 977 Aliam
859 945 1015 978 ventum
1040 945 1111 977 est.
1145 940 1312 980 dictator
1333 941 1476 980 Roma-

66 1006 153 1041 nus,
182 999 388 1046 postquam
418 995 457 1034 in
493 1001 704 1047 conspectu
732 997 864 1034 hostes
895 1001 1005 1035 erant
1033 997 1214 1036 instructi
1245 997 1477 1049 intentique,

67 1051 245 1098 „videsne
273 1056 343 1090 tu“
372 1052 510 1103 inquit,
552 1055 619 1098 „A.
644 1053 864 1103 Semproni,
896 1053 967 1091 loci
998 1053 1155 1092 fortuna
1186 1054 1270 1093 illos
1292 1057 1409 1093 fretos
1431 1055 1476 1093 ad

66 1108 186 1147 Aliam
224 1106 474 1147 constitisse?
514 1120 586 1147 nec
613 1109 686 1147 illis
718 1110 755 1147 di
790 1109 1016 1148 inmortales
1053 1110 1229 1149 certioris
1266 1111 1476 1163 quidquam

66 1164 225 1203 fiduciae
247 1165 451 1204 maiorisve
482 1165 585 1216 quod
607 1165 656 1204 sit
676 1165 802 1204 auxilii
825 1166 1014 1204 dederint.
1066 1171 1103 1205 at
1124 1172 1179 1213 tu,
1212 1168 1334 1207 fretus
1356 1168 1473 1206 armis

67 1221 296 1272 animisque,
329 1222 525 1260 concitatis
554 1221 662 1273 equis
690 1222 825 1261 invade
854 1222 1022 1261 mediam
1045 1223 1185 1271 aciem3
1219 1237 1286 1275 ego
1310 1237 1397 1263 cum
1421 1226 1474 1263 10-

69 1277 248 1327 gionibus
281 1278 321 1315 in
350 1278 525 1316 turbatos
553 1278 868 1329 trepidantesque
898 1279 1061 1317 inseram
1090 1280 1208 1330 signa.
1249 1282 1392 1328 adeste,
1426 1281 1477 1319 dii

67 1339 184 1372 testes
201 1334 378 1380 foederis,
403 1339 441 1373 et
462 1335 629 1385 expetite
647 1347 792 1385 poenas
810 1335 956 1374 debitas
977 1336 1093 1374 simul
1110 1337 1219 1375 vobis
1237 1338 1386 1377 violatis
1405 1349 1477 1376 00-

66 1389 201 1441 bisque
221 1402 291 1442 per
307 1394 478 1429 vestrum
502 1403 648 1430 numen
665 1391 873 1443 deceptis.·'·
904 1403 985 1430 11011
1003 1393 1187 1443 equitem,
1210 1406 1288 1433 non
1304 1395 1474 1445 peditem

65 1446 285 1486 sustinuere
302 1447 554 1486 Praenestini.
600 1448 727 1499 primo
755 1449 903 1500 impetu
925 1461 967 1488 ac
989 1450 1156 1488 clamore
1177 1450 1350 1502 dissipati
1371 1451 1474 1490 ordi-

64 1514 133 1541 nes
153 1509 263 1551 sunt3
292 1503 390 1551 dein,
422 1510 629 1556 postquam
651 1504 757 1544 nullo
779 1505 864 1544 loco
887 1506 1088 1544 constabat
1110 1507 1221 1554 acies,
1253 1512 1360 1558 terga
1388 1520 1473 1546 ver—

66 1564 163 1606 tunt,
185 1560 497 1611 consternatique
527 1567 564 1600 et
584 1567 738 1612 praeter
765 1568 889 1601 castra
919 1562 1033 1601 ctiam
1060 1575 1129 1601 sua
1151 1576 1289 1614 pavore
1318 1564 1476 1616 praelati

65 1627 144 1655 non
166 1617 271 1668 prius
293 1630 333 1656 se
356 1617 401 1656 ab
423 1618 546 1657 effuso
579 1630 695 1657 00150
724 1619 879 1666 sistunt,
911 1632 1026 1670 quam
1060 1619 1097 1657 in
1125 1627 1335 1672 conspectu
1357 1621 1474 1659 Prae-

65 1678 174 1712 neste
201 1673 285 1713 fuit.
335 1674 387 1713 ibi
415 1688 460 1713 ex
480 1677 569 1726 fuga
590 1675 762 1727 dissipati
782 1676 923 1721 locum,
946 1689 1062 1727 quem
1084 1678 1336 1717 tumultuario
1359 1690 1474 1729 opere

64 1764 149 1805 alia,
178 1765 222 1796 ib.
242 1765 273 1805 4,
296 1765 345 1806 16,
363 1767 423 1806 43;
449 1765 479 1806 3,
498 1765 550 1805 22,
571 1767 628 1799 76:
658 1766 738 1808 qaid

61 1810 270 1854 philosophia
285 1812 397 1853 magis
413 1811 595 1843 colendum.
614 1831 655 1834 —
672 1813 734 1853 liis,

66 1867 93 1887 c.
114 1858 163 1895 10,
179 1855 208 1887 8.
226 1875 268 1878 ——
286 1857 437 1898 auribus,
458 1858 539 1888 auch
557 1857 673 1889 hierzu
690 1857 735 1889 ist

66 1902 99 1932 in
132 1911 172 1932 zu
205 1901 358 1942 00111000,
389 1902 542 1944 obgleieh
575 1908 669 1935 sonst
700 1905 734 1934 2771

65 1946 205 1978 auribus
233 1947 322 1979 nicht
350 1958 386 1979 so
412 1948 650 1989 gebi-'auchlich
678 1948 734 1989 ist,

63 1991 126 2023 wie
144 1993 177 2023 in
194 2002 260 2033 ore,
277 1994 311 2024 z‘n
329 1993 441 2032 oculis,
460 1993 528 2034 vgl.
547 1994 577 2033 9,
599 1994 649 2034 12,
671 1995 698 2026 1.

112 2037 209 2069 7—9.
230 2039 491 2081 satz‘sscire,vgl.
505 2038 572 2080 1,9,
582 2039 734 2070 4.—cen-

65 2084 135 2114 tum
158 2092 202 2123 a.‚
228 2094 256 2115 0.
280 2084 310 2124 2,
329 2084 358 2115 3.
378 2102 421 2107 —-
439 2085 586 2116 obnooec'a
597 2095 644 2128 p.,
669 2095 733 2117 von

65 2127 127 2159 den
152 2127 329 2161 Menschen
353 2128 412 2161 auf
431 2129 482 2161 (110
506 2129 610 2161 Sache
635 2130 734 2161 iiber-

65 2177 199 2214 tragen:
229 2174 284 2206 ein
307 2173 443 2215 Friede,
473 2175 577 2207 durch
601 2176 663 2207 den
687 2176 733 2206 sie

67 2229 131 2250 von
150 2219 211 2250 den
228 2218 371 2252 Rb'mern
395 2220 561 2261 abhiingig
583 2221 730 2252 wurdeu.

66 2262 176 2296 Ueber
188 2265 242 2296 die
256 2264 360 2297 Sache
374 2276 399 2297 5.
415 2276 441 2297 0.
459 2266 496 2304 2;
513 2267 566 2297 21.
577 2285 619 2289 ——-
633 2277 731 2308 quam

66 2312 112 2350 ut,
130 2309 161 2349 2,
182 2310 233 2350 15,
251 2311 281 2342 2.
295 2330 338 2334 —
351 2311 490 2353 nefasta
507 2321 572 2342 von
587 2311 658 2343 dies
675 2323 732 2342 ne-

65 2354 179 2396 fastus
201 2356 366 2388 entlehnt:
398 2366 432 2388 05
458 2356 539 2397 gebe
562 2356 639 2388 kein
665 2356 731 2389 Un-

67 2399 273 2442 gliicksland‚
303 2411 355 2433 wo
389 2402 471 2433 nach
500 2402 572 2434 dem
602 2401 731 2434 &Villen

67 2445 127 2477 der
144 2443 265 2478 Gb‘tter
287 2446 340 2478 die
364 2445 483 2478 Ro'mer
506 2448 596 2479 nicht
619 2447 732 2488 siegen

67 2489 222 2531 konnten,
239 2491 302 2523 wie
321 2502 356 2524 es
370 2492 619 2533 Ungliickstage
637 2493 731 2534 gabe.

68 2534 134 2567 Der
152 2535 307 2568 Gedanke
331 2537 462 2569 bezieht
485 2537 555 2569 sich
579 2536 638 2569 auf
655 2537 676 2580 ξ
695 2538 731 2570 6:

67 2584 185 2621 quanto
202 2583 315 2624 magis
330 2586 393 2614 etc.
408 2601 450 2606 —
466 2585 543 2614 tunc
561 2593 634 2614 cum
659 2583 732 2623 fiigt

809 1778 848 1798 zu
876 1770 1006 1810 postero
1031 1767 1083 1799 die
1106 1769 1189 1799 noch
1213 1768 1287 1800 eine
1311 1778 1475 1809 genauere

808 1812 1042 1854 Bestimmung‚
1073 1814 1138 1845 wie
1162 1815 1191 1845 is
1216 1816 1274 1856 qai
1300 1825 1340 1845 zu
1370 1815 1474 1846 ciuem

808 1859 1006 1899 vox-hergeh.
1025 1859 1167 1900 Begriff,
1189 1859 1257 1891 Cic.
1277 1859 1376 1891 Tusc.
1395 1860 1426 1901 4,
1448 1861 1476 1901 1,

809 1904 845 1942 23
865 1903 957 1936 Lael.
980 1905 1030 1945 14,
1050 1906 1090 1935 49
1110 1916 1139 1936 u.
1157 1915 1186 1936 a.

854 1944 922 1981 ‘29-
952 1951 1045 1981 1—-3.
1072 1950 1141 1990 loci,
1163 1961 1236 1982 nur
1254 1950 1296 1981 im
1312 1951 1476 1983 Vertrau-

808 2004 847 2025 en
865 1994 924 2026 auf
938 2006 967 2026 u.
990 2006 1013 2026 s.
1036 2007 1077 2027 w.
1103 2014 1147 2018 -—
1168 2007 1227 2027 nee
1248 2015 1290 2017 —-
1314 1996 1476 2038 dederint,

808 2040 854 2072 ist
883 2040 957 2072 hier
986 2041 1054 2072 wol
1082 2041 1157 2073 eine
1186 2042 1244 2073 das
1268 2042 1476 2082 Vorhergeh.

808 2085 890 2125 (Ioci)
911 2086 1111 2118 erkliirende
1126 2087 1404 2128 voraussotzung
1421 2088 1476 2118 des

808 2130 996 2163 Dictators:
1022 2132 1080 2164 der
1096 2131 1214 2174 Erfolg
1237 2132 1323 2164 wird
1348 2133 1476 2173 zeigen,

807 2176 894 2216 dass,
914 2187 940 2209 5.
959 2188 987 2209 0.
1011 2178 1111 2218 14‚4;
1128 2177 1181 2217 22,
1203 2179 1252 2219 14,
1276 2181 1329 2217 103
1354 2178 1406 2215 25,
1424 2178 1477 2217 38,

810 2221 864 2261 17,
882 2223 1004 2254 anders
1019 2223 1073 2263 25,
1092 2223 1144 2263 25,
1169 2223 1217 2263 11,
1237 2224 1304 2264 vgl.
1323 2225 1353 2263 5,
1372 2223 1425 2263 53,
1444 2223 1472 2254 3.

806 2285 849 2287 -ῐ
867 2269 984 2300 maior.
1004 2279 1032 2309 q.
1053 2279 1079 2300 s.
1098 2279 1192 2308 (11110,
1217 2273 1322 2300 etwas
1345 2279 1414 2300 was
1432 2287 1475 2290 *-

806 2312 942 2345 bestehe
965 2323 1035 2353 aus,
1066 2324 1135 2345 was
1164 2331 1208 2337 —
1236 2314 1403 2355 gewiihre.
1433 2332 1475 2335 --

805 2359 897 2398 equis
919 2360 997 2398 illu,
1023 2370 1050 2390 0.
1072 2360 1123 2401 32,
1149 2359 1179 2390 8.
1199 2378 1240 2382 —
1266 2360 1411 2401 inferam
1436 2371 1475 2400 5.,

806 2413 884 2434 nur:
910 2403 1094 2444 angreifem
1119 2405 1223 2436 daher
1248 2415 1321 2437 cum
1340 2405 1476 2447 leg-ioni-

806 2448 879 2479 bus.
898 2468 940 2471 —
958 2451 1114 2492 eoepelc'te,
1137 2451 1164 2489 1,
1183 2450 1236 2490 23,
1254 2452 1285 2482 4.
1306 2468 1348 2471 ——
1361 2460 1424 2493 pel·
1446 2459 1473 2481 11.

805 2503 928 2526 numen
952 2506 982 2526 11.
1007 2496 1194 2527 iuramento
1202 2497 1312 2537 facto,
1337 2506 1362 2526 5.
1391 2496 1417 2534 1,
1443 2496 1474 2533 U,

808 2538 857 2570 13.
878 2558 921 2562 -—
936 2543 1069 2583 praeter
1086 2558 1128 2562 —
1142 2540 1300 2583 praelati,
1320 2541 1350 2579 5,
1370 2539 1422 2578 26,
1442 2539 1470 2569 7.

850 2585 949 2615 4-6,
977 2595 1022 2616 ew
1036 2586 1128 2627 fuga
1145 2583 1194 2624 d.,
1222 2585 1275 2617 die
1303 2582 1473 2624 (wtihrend

1506 326 1522 334 μ

1512 337 1518 355 t

1502 943 1556 980 29

1504 1173 1522 1204 Na
