1763 2983
113 152 138 171 a.
158 144 210 171 ch.
229 144 261 170 21
267 145 289 170 7.

554 143 679 177 LIBER
705 143 816 177 XXII.
851 143 942 176 CAP.
967 146 997 177 4.
1023 145 1052 177 5.

1447 141 1525 183 161

117 255 227 301 ptum
259 254 327 295 est,
359 260 474 299 quam
497 247 585 286 satis
606 247 865 286 instrueretur
887 246 985 285 acies
1005 251 1070 285 aut
1089 245 1262 296 expediri
1281 257 1385 284 arma
1407 245 1526 284 strin-

115 305 229 356 gique
260 305 371 356 gladii
400 309 571 355 possent.
621 303 766 342 Consul
787 303 973 354 perculsis
997 302 1177 341 omnibus
1195 302 1279 353 ipse
1298 302 1399 348 satis,
1426 301 1527 340 utin
1545 309 1572 349 5

113 375 156 401 re
187 362 347 412 trepida,
376 360 580 411 inpavidus
610 359 786 398 turbatos
816 360 985 406 ordines,
1017 365 1188 398 vertente
1219 371 1260 397 se
1291 370 1449 409 quoque
1479 358 1525 397 ad

113 418 292 457 dissonos
315 418 514 464 clamores,
533 417 700 463 instruit,
722 422 765 454 ut
783 422 937 466 tempus
957 416 1144 466 locusque
1165 415 1318 466 patitur,
1350 420 1396 462 et,
1428 426 1525 465 qua-

114 487 284 525 cumque
313 474 416 512 adire
435 473 636 524 audirique
658 478 795 523 potest,
825 473 1051 511 adhortatur
1079 484 1121 510 ac
1151 477 1251 511 stare
1281 484 1324 510 ac
1352 484 1526 522 pugnare

112 531 236 570 iubet:
267 529 339 568 n'ec
371 529 474 568 enim
501 529 590 568 inde
611 529 709 567 votis
732 534 796 567 aut
817 529 1074 579 inploratione
1095 529 1211 566 deum
1235 528 1301 567 sed
1324 529 1360 567 vi
1381 540 1424 566 ac
1445 528 1525 566 vir-
1547 530 1565 560 2

113 593 192 626 tute
213 586 455 625 evadendum
487 598 592 632 esse3
620 598 689 636 per
711 586 855 624 medias
881 586 979 624 acies
1010 587 1113 624 ferro
1137 585 1237 624 v-iam
1266 585 1360 631 fieri,
1392 590 1428 623 et
1447 596 1525 635 quo

111 643 260 682 timoris
284 643 413 682 minus
436 643 494 690 sit,
525 655 570 681 eo
594 642 721 680 minus
744 644 865 680 ferme
896 642 1057 692 periculi
1089 654 1183 680 esse.

1234 646 1406 680 ceterum
1436 653 1527 691 prae
1547 647 1565 679 3

113 700 274 750 strepitu
304 712 347 738 ac
377 700 545 738 tumultu
576 711 647 737 nec
674 699 883 751 consilium
907 711 979 736 nec
998 699 1207 748 imperium
1228 698 1346 748 accipi
1367 703 1528 748 poterat,

111 762 340 806 tantumque
362 756 502 802 aberat,
525 761 566 794 ut
587 768 655 793 sua
677 755 784 806 signa
807 761 920 805 atque
942 755 1097 792 ordines
1118 760 1154 792 et
1167 755 1298 793 locum
1311 759 1529 801 noscerent,

111 819 153 852 ut
183 813 246 851 vix
277 813 322 851 ad
350 825 454 851 arma
476 812 658 862 capienda
678 812 919 863 aptandaque
940 824 1092 862 pugnae
1113 817 1338 861 conpeteret
1357 811 1523 857 animus,

112 870 505 920 opprimerenturque
537 868 693 919 quidam
723 869 867 907 onerati
890 868 1010 918 magis
1032 868 1091 905 his
1113 879 1229 918 quam
1251 867 1349 905 tecti.
1392 872 1428 905 et
1449 872 1529 906 erat

108 926 150 964 in
182 931 282 964 tanta
308 926 478 976 calligine
500 926 623 963 maior
645 938 738 963 usus
760 925 912 963 aurium
934 936 1051 974 quam
1074 924 1290 962 oculorum.
1334 924 1379 961 ad
1404 924 1526 974 gemi-
1547 931 1567 962 4

111 991 171 1021 tus
202 983 409 1020 vulnerum
432 982 609 1032 ictusque
632 993 843 1032 corporum
867 988 933 1019 aut
961 993 1162 1019 armornm
1194 986 1230 1018 et
1256 980 1395 1019 mixtos
1427 986 1526 1018 stre-

109 1039 286 1090 pentium
316 1039 616 1089 paventiumque
648 1039 833 1076 clamores
865 1037 1190 1076 circumferebant
1216 1050 1282 1075 ora
1303 1037 1527 1087 oculosque.

109 1095 170 1134 alii
200 1096 390 1146 fugientes
422 1095 677 1146 pugnantium
698 1095 811 1145 globo
832 1095 936 1133 inlati
955 1093 1176 1140 haerebant,
1206 1094 1299 1132 alios
1320 1094 1526 1132 redeuntes
1546 1101 1565 1131 5

108 1152 149 1190 in
179 1164 351 1203 pugnam
382 1152 576 1190 avertebat
606 1151 836 1202 fugientium
870 1163 1020 1202 agmen.
1072 1150 1222 1197 deinde,
1253 1150 1319 1189 uhi
1339 1150 1378 1188 in
1400 1151 1526 1189 omnis
1545 1157 1565 1187 6

108 1209 226 1260 partis
256 1209 493 1259 nequiquam
524 1208 690 1259 impetus
715 1208 823 1258 capti,
842 1214 878 1246 et
899 1207 945 1246 ab
968 1207 1149 1246 lateribus
1173 1212 1327 1245 montes
1349 1219 1391 1245 ac
1411 1207 1527 1253 lacus,

110 1355 168 1387 der
187 1354 321 1395 Angriff
337 1365 401 1385 von
428 1355 488 1385 den
505 1353 618 1385 Seiten
637 1354 696 1385 her
714 1363 785 1384 war

108 1399 162 1432 fiir
205 1401 263 1431 das
299 1399 458 1431 romische
491 1399 575 1430 Heer
608 1400 783 1431 besonders

108 1445 314 1487 gef‘ahrlich,
357 1446 398 1476 da
426 1455 459 1477 es
486 1444 518 1475 in
547 1445 604 1476 der
631 1445 784 1486 Manipu-

107 1491 306 1532 larstellung
342 1491 400 1521 mit
436 1491 508 1522 dem
534 1489 667 1532 Gep'zick
700 1490 783 1521 zwi-

108 1538 208 1569 schen
245 1537 306 1568 den
341 1536 512 1568 einzelnen
537 1535 782 1576 Abtheilungen

111 1582 201 1614 nicht
225 1582 329 1614 leicht
348 1582 600 1613 uinschwenken
625 1582 689 1612 und
709 1581 782 1612 eine

111 1627 216 1659 Front
242 1627 352 1659 bilden
377 1627 510 1658 konnte.
537 1644 580 1649 —
608 1630 783 1659 imtrzoere-

110 1680 173 1711 tur,
193 1673 301 1704 indeni
321 1673 372 1704 die
391 1672 554 1703 Cohorten
573 1673 683 1703 rechts
704 1673 783 1703 oder

109 1718 195 1749 links
242 1717 487 1749 abniarschiren
529 1718 593 1748 und
632 1717 703 1748 sich
741 1728 781 1748 an

109 1763 266 1795 einander
285 1762 507 1794 anschliessen
524 1762 646 1799 sossen:
665 1762 781 1804 Polyb.

109 1820 134 1840 c.
161 1810 214 1848 84,
244 1811 281 1842 4:
311 1811 441 1851 συνέβη
473 1808 558 1845 τοὺς
585 1809 783 1845 πλείστους

110 1855 149 1888 ἐν
187 1854 285 1898 αὐτῷ
321 1855 369 1896 τῷ
406 1854 467 1891 τῖς
504 1857 658 1900 πορείας
695 1850 780 1897 σχή-

107 1913 198 1946 ματι
245 1900 510 1941 κατακοπῆναι.
554 1918 598 1922 -
640 1902 784 1938 expediri

108 1950 187 1985 cte,
230 1946 291 1977 den
329 1945 440 1976 Schild
480 1955 545 1976 von
579 1945 636 1976 der
669 1945 780 1976 linken

109 1991 261 2022 Schulter
302 2001 363 2022 vor
403 1991 474 2022 sich
514 1991 667 2030 nehmen,
719 1991 780 2022 den

110 2035 212 2074 Helm,
240 2036 298 2067 der
324 2047 364 2067 an
392 2036 496 2068 einem
520 2037 629 2067 Bande
655 2046 695 2067 an
722 2036 781 2067 der

111 2081 245 2111 rechten
275 2081 428 2113 Schulter
452 2081 569 2121 hieng,
598 2080 778 2121 aufsetzen,

110 2125 160 2157 die
181 2125 422 2167 Schanzpf'ahle
446 2127 627 2167 weglegen,
654 2128 710 2158 das
728 2127 778 2169 pi—

110 2171 174 2202 lum
211 2172 344 2202 zurecht
371 2170 478 2202 fassen
502 2183 532 2202 u.
559 2182 582 2203 s.
608 2182 667 2212 w.,
710 2173 779 2213 vgl.

111 2219 164 2253 27,
193 2217 246 2255 28,
280 2218 336 2251 12:
371 2216 462 2248 Caes.
488 2217 522 2248 B.
548 2216 585 2248 G.
612 2218 642 2256 2,
670 2218 723 2257 21,
751 2220 779 2251 5.

156 2260 193 2298 5.
237 2263 332 2295 1—2.
358 2268 392 2293 ut
418 2265 453 2294 in
477 2274 504 2294 r.
531 2269 565 2303 t.,
589 2272 625 2292 so
650 2262 730 2294 weit
747 2273 780 2294 cs

108 2307 250 2347 moglich
276 2318 346 2338 war
367 2307 410 2347 in,
440 2309 494 2347 21,
524 2309 575 2347 12,
605 2309 636 2347 4,
664 2308 780 2340 andei-s

113 2353 166 2391 26,
195 2356 224 2392 5,
254 2355 289 2385 7:
318 2355 457 2385 Romani
479 2359 514 2384 ut
543 2356 577 2384 in
603 2364 638 2384 re
660 2356 782 2393 trepida

80 2401 268 2437 y—copz'as
286 2401 404 2438 partiti
428 2405 523 2441 sunm
556 2400 584 2437 1,
609 2400 662 2438 27,
694 2401 724 2431 7.
740 2417 782 2422 —

110 2445 238 2475 instruit
264 2462 309 2466 —
342 2446 435 2484 adh,
476 2454 512 2476 er
548 2444 645 2475 sucht
676 2453 709 2475 es
743 2455 782 2476 zu

112 2489 210 2529 thun,
238 2490 356 2521 anders
382 2489 452 2521 Pol.
478 2491 531 2529 5³4,
563 2491 593 2522 6.
619 2507 663 2512 —
686 2501 722 2521 ao
739 2507 783 2513 —

109 2545 154 2570 ac,
182 2545 208 2565 c.
237 2532 290 2572 48,
317 2537 349 2568 4.
376 2552 420 2557 -
443 2542 590 2574 vertente,
617 2546 640 2566 s.
669 2536 699 2573 4,
728 2537 781 2575 28,

111 2582 146 2612 2;
183 2583 409 2622 circumaqentz‘
433 2593 465 2613 se
485 2584 528 2613 ad
550 2584 691 2613 dissonos
717 2584 782 2613 ela-

187 2640 242 2665 Tit.
261 2641 318 2667 Liv.
339 2642 387 2667 1v.
406 2641 430 2667 5.
449 2640 520 2667 Aufl.

853 1364 953 1384 mores
968 1355 1059 1384 hosti.
1078 1371 1121 1375 -—-
1134 1359 1246 1391 potest,
1273 1354 1327 1390 21,
1356 1354 1410 1392 29,
1441 1354 1471 1385 6.
1485 1370 1527 1375 -

853 1411 907 1430 nec
931 1401 1014 1430 enim
1042 1400 1085 1437 ,2,
1113 1400 1144 1437 2,
1176 1400 1213 1430 3:
1238 1401 1383 1430 m'mz‘mn.

900 1468 998 1499 3—4.
1045 1469 1230 1505 consilium,
1274 1469 1402 1505 imper.,
1435 1466 1528 1498 chia-

853 1512 956 1543 stiseh
989 1511 1046 1543 auf
1078 1514 1202 1543 adhort.
1240 1512 1306 1543 und
1329 1515 1464 1544 instruit
1489 1523 1528 1544 zu

852 1558 1026 1597 hezicheug
1046 1557 1136 1589 Cui-t.
1160 1559 1192 1597 4,
1219 1558 1273 1597 38,
1302 1560 1353 1590 20.
1374 1576 1415 1580 -—
1436 1561 1528 1599 siqua

854 1604 904 1635 die
942 1602 1103 1645 Manipel,
1146 1605 1271 1634 ordines
1307 1602 1403 1643 jeder
1438 1603 1528 1635 scine

854 1649 1019 1688 Centuric‚
1047 1652 1158 1687 locum,
1184 1649 1236 1680 die
1257 1648 1362 1680 stelle
1390 1649 1424 1680 in
1452 1649 1528 1681 der-

851 1695 982 1733 selben,
1009 1705 1033 1725 s.
1061 1697 1077 1732 ξ
1108 1696 1145 1732 73
1169 1696 1212 1733 ΕΞ,
1241 1695 1278 1734 8,
1306 1697 1345 1735 43
1382 1696 1445 1735 23,
1473 1695 1528 1734 35,

852 1742 871 1773 6
896 1752 927 1771 u.
958 1750 986 1771 a.
1015 1758 1057 1762 —
1083 1742 1222 1781 capim„
1254 1750 1281 1771 c.
1309 1743 1340 1780 4,
1370 1742 1407 1772 7:
1436 1751 1525 1779 expe-

851 1788 933 1825 diri3
973 1788 1119 1825 aptanti„
1149 1785 1214 1826 vgl.
1240 1787 1279 1825 9,
1305 1786 1366 1825 31,
1397 1788 1435 1826 9;
1473 1787 1526 1826 10,

852 1832 905 1867 33,
928 1833 958 1865 2.
985 1850 1024 1853 -—
1054 1838 1174 1870 conpet.
1199 1842 1265 1870 an„
1293 1833 1324 1871 5,
1356 1832 1412 1871 42,
1441 1833 1470 1863 3.
1487 1849 1528 1853 --—

850 1879 1004 1918 calliqz'we,
1036 1878 1085 1915 10,
1114 1878 1168 1917 32,
1197 1879 1230 1909 7.
1255 1895 1299 1899 —
1327 1879 1460 1917 onerati,
1487 1877 1529 1908 da

850 1922 897 1954 sie
932 1922 983 1954 die
1020 1922 1155 1954 VVaffen
1190 1922 1282 1953 nicht
1319 1923 1435 1954 hatten
1469 1933 1528 1954 zu-

849 1969 942 2000 recht
981 1969 1117 1999 nehmen
1152 1968 1299 2007 konnen,
1342 1978 1457 1999 waren
1480 1968 1528 2000 sie

850 2014 947 2045 ihnen
964 2014 1056 2045 mehr
1074 2024 1132 2044 zur
1146 2012 1236 2052 Last,
1258 2013 1325 2054 vgl.
1347 2015 1401 2054 21,
1428 2016 1481 2054 58,
1499 2016 1528 2047 S.

848 2078 893 2082 —
917 2062 1102 2100 vulnerum,
1143 2059 1246 2091 durch
1282 2059 1369 2090 diese
1406 2069 1528 2091 veran-

848 2105 942 2145 lasst,
973 2105 1052 2136 oder
1068 2115 1101 2136 es
1122 2104 1167 2136 ist
1184 2105 1342 2136 abstract.
1367 2115 1425 2147 pro
1446 2115 1526 2136 con-

849 2155 949 2182 creto.
976 2169 1019 2173 —
1046 2153 1174 2191 mixtos,
1208 2161 1233 2181 S.
1261 2152 1314 2190 21,
1348 2151 1402 2189 22,
1428 2151 1456 2183 3.
1483 2167 1526 2174 --

848 2203 961 2235 screws,
1003 2196 1062 2227 der
1086 2195 1348 2237 Angreifenden,
1387 2195 1438 2228 die
1466 2195 1526 2227 mit

849 2252 994 2283 grossem
1014 2240 1174 2273 Geschrei
1193 2240 1357 2283 k'zimpfen,
1387 2243 1441 2281 21,
1469 2244 1523 2280 57,

852 2290 910 2327 143
940 2291 970 2328 5,
1000 2289 1054 2326 21,
1082 2288 1218 2327 11:10,
1245 2289 1300 2326 42,
1326 2288 1364 2325 23
1392 2286 1443 2317 dic
1461 2286 1525 2317 Be-

850 2333 995 2373 dcutung
1038 2333 1094 2364 des
1135 2332 1274 2364 W‘ortes
1313 2331 1397 2362 wird
1423 2332 1526 2362 durch

851 2379 910 2410 den
967 2378 1154 2419 Gegensatz
1194 2379 1380 2417 paventium
1423 2386 1525 2417 ange-

851 2424 982 2464 deutet,
1022 2425 1082 2464 35,
1119 2424 1180 2463 30,
1210 2426 1248 2462 5,
1277 2422 1341 2463 vgl.
1371 2421 1460 2453 Hom.
1488 2421 1524 2453 Il.

851 2472 882 2510 4,
910 2472 985 2503 451.

898 2540 994 2570 5—7.
1020 2538 1117 2578 ylobo,
1140 2536 1190 2573 10,
1213 2536 1266 2575 29,
1282 2536 1310 2567 2.
1322 2546 1522 2577 ——puynam

851 2593 904 2614 nm
940 2594 980 2614 zu
1011 2580 1171 2623 kampfen.
1199 2599 1242 2603 —-
1270 2583 1354 2621 capti
1387 2591 1416 2612 n.
1441 2587 1524 2613 sunt.

1215 2639 1252 2670 11

1245 2751 1261 2768 ⁴¹
