1763 2983
288 67 304 81 l)

244 171 324 211 350
723 169 846 203 LIBER
872 170 932 203 lx.
974 170 1065 204 CAP.
1103 172 1157 205 37.
1495 180 1519 198 a.
1540 180 1566 198 u.
1588 171 1647 198 444.

240 286 356 324 quam
379 278 491 311 antea
513 273 701 312 exercitus
722 273 767 312 ad
793 274 966 313 Sutrium
990 275 1112 322 venit,
1143 287 1270 327 neque
1300 288 1320 313 e
1341 275 1443 313 silvis
1470 278 1646 313 tantum-

240 330 357 368 modo
381 334 559 380 promota
582 335 724 376 eastra,
755 330 820 369 sed
845 330 957 369 etiam
988 331 1167 371 aviditate
1188 331 1396 370 dimicandi
1427 343 1544 382 quam
1567 331 1647 382 pri-

240 398 349 425 mum
372 386 410 423 in
431 399 590 437 campos
612 386 732 425 delata
755 386 863 426 acies.
907 387 1046 426 deinde
1074 388 1263 427 instructa
1292 388 1418 439 primo
1447 400 1519 426 suo
1550 393 1650 426 stare

239 444 321 481 loco
344 442 477 481 relicto
498 442 676 482 hostibus
698 443 744 481 ad
767 443 1040 483 instruendum
1064 449 1199 483 eontra
1221 444 1362 495 spati03
1395 444 1505 489 dein,
1537 449 1647 495 post-

238 512 354 551 quam
385 499 598 538 detractare
624 500 777 538 hostem
806 512 962 539 sensere
991 513 1184 551 pugnam,
1216 502 1262 540 ad
1295 502 1433 540 vallum
1465 500 1646 539 subeunt.

239 555 302 595 ubi
325 560 530 606 postquam
552 556 738 595 stationes
761 569 917 608 quoque
932 563 1105 608 receptas
1127 557 1228 596 intra
1250 557 1493 596 munimenta
1515 568 1649 595 sense—

236 624 289 658 re,
311 613 456 651 clamor
476 617 637 663 repente
667 613 764 652 circa
787 614 903 652 duces
925 619 1046 659 ortus,
1070 619 1113 653 ut
1143 627 1188 653 eo
1210 614 1281 652 sibi
1303 628 1323 652 e
1352 614 1486 653 castris
1507 613 1647 652 cibaria

237 669 318 707 eius
347 669 407 707 die
429 669 569 707 deferri
589 669 786 708 iuberent:
817 682 1026 708 mansuros
1058 683 1099 708 se
1127 669 1200 709 sub
1223 671 1341 709 armis
1372 675 1410 709 et
1438 675 1505 710 aut
1534 675 1649 709 nocte

201 734 218 765 5
237 731 302 765 aut
330 731 434 764 certe
463 727 547 764 luce
576 726 700 777 prima
731 732 854 766 castra
884 726 1053 765 hostium
1084 727 1298 766 invasuros.
1340 727 1459 765 nihilo
1481 726 1648 778 quietior

189 1360 208 1391 S

188 1475 207 1506 9

169 1761 180 1792 1
190 1762 208 1791 0

236 783 436 822 Romanus
465 783 654 822 exercitus
683 783 844 834 imperio
877 783 985 822 ducis
1008 784 1242 823 continetur.
1292 784 1438 823 decima
1467 788 1548 822 erat
1569 784 1648 821 fere

237 839 309 878 diei
331 840 437 885 hora,
461 852 548 878 cum
572 839 701 878 cibum
725 852 859 891 capere
882 840 1019 878 consul
1048 840 1186 879 milites
1217 840 1343 888 iubet3
1371 840 1575 892 praecipit,
1605 846 1648 878 ut

237 897 276 934 in
305 896 422 935 armis
451 896 547 941 sint,
585 909 828 947 quacumque
858 896 931 934 diei
966 897 1138 936 noctisve
1167 898 1261 937 hora
1297 898 1453 948 signum
1489 896 1647 935 dederit.

238 953 369 1004 paucis
379 953 519 991 milites
531 952 764 1004 adloquitur,
784 953 1019 992 Samnitium
1031 954 1128 993 bella
1140 955 1298 1001 extollit,
1315 956 1435 992 elevat
1445 953 1649 1000 Etruscos3

238 1021 310 1048 nec
331 1010 482 1048 hostem
498 1010 600 1048 hosti
618 1021 690 1048 nec
706 1010 996 1048 multitudinem
1014 1011 1252 1049 multitudini
1268 1010 1556 1062 conparandam
1578 1010 1648 1057 ait,

238 1079 322 1105 esse
342 1071 537 1117 praeterea
559 1066 677 1104 telum
695 1066 797 1105 aliud
815 1067 1031 1114 occultum3
1049 1067 1213 1106 scituros
1230 1067 1270 1106 in
1285 1073 1480 1119 tempore3
1502 1067 1648 1106 interea

237 1124 353 1162 taceri
384 1135 480 1174 opus
512 1135 607 1161 esse.
656 1123 716 1162 his
747 1123 973 1174 amhagibus
1002 1124 1115 1175 prodi
1151 1124 1356 1163 simulabat
1382 1125 1534 1170 hostes,
1571 1136 1648 1175 quo

238 1180 392 1219 animus
409 1179 574 1218 militum
598 1180 845 1219 multitudine
867 1180 1025 1219 territus
1046 1181 1334 1227 restitueretur3
1358 1185 1414 1227 et,
1438 1179 1543 1232 quod
1565 1180 1649 1219 sine

238 1236 485 1275 munimento
503 1236 764 1283 considerant,
782 1237 859 1276 veri
875 1237 1038 1276 similius
1055 1242 1147 1283 erat,
1166 1238 1270 1289 quod
1287 1237 1551 1288 simulabatur.
1580 1249 1648 1275 cu-

237 1293 309 1332 rati
330 1293 415 1332 cibo
438 1305 600 1344 corpora
623 1293 741 1344 quieti
763 1293 874 1339 dant,
908 1299 943 1332 et
965 1300 1101 1345 quarta
1124 1294 1202 1332 fere
1222 1294 1347 1345 vigilia
1368 1294 1452 1332 sine
1478 1294 1648 1332 tumultu

238 1350 388 1388 excitati
410 1362 515 1388 arma
538 1350 707 1401 capiunt.
748 1350 926 1389 dolabrae
957 1350 1157 1389 calonibus
1180 1351 1406 1390 dividuntur
1432 1351 1480 1389 ad
1508 1350 1648 1389 vallum

234 1407 501 1458 proruendum
533 1406 734 1458 fossasque
764 1406 979 1458 inplendas.
1034 1407 1135 1446 intra
1164 1407 1407 1447 munimenta
1442 1407 1650 1446 instruitur

237 1463 357 1509 acies,
388 1463 556 1501 delectae
586 1464 764 1502 cohortes
791 1463 837 1502 ad
868 1468 1068 1514 portarum
1090 1463 1216 1503 exitus
1247 1465 1513 1504 conlocantur.
1559 1463 1648 1502 dato

237 1520 378 1558 deinde
409 1519 521 1570 signo
550 1520 664 1571 paulo
695 1526 786 1559 ante
806 1521 951 1564 lucem,
981 1520 1084 1572 quod
1115 1521 1264 1560 aestivis
1293 1520 1474 1559 noctibus
1501 1520 1649 1571 sopitae

237 1576 404 1616 maxime
436 1576 576 1627 quietis
603 1581 758 1628 tempus
790 1582 865 1623 est,
896 1582 1056 1628 proruto
1085 1578 1182 1617 vallo
1204 1577 1330 1629 erupit
1360 1577 1478 1624 acies,
1507 1581 1649 1615 stratos

236 1633 380 1684 passim
402 1633 547 1672 invadit
566 1634 718 1682 hostes3
747 1634 841 1673 alios
863 1634 1082 1682 inmobiles,
1113 1635 1205 1673 alios
1228 1634 1490 1673 semisomnos
1518 1634 1559 1672 in
1581 1645 1648 1672 cu-

237 1689 378 1729 bilibus
405 1690 503 1736 suis,
536 1691 745 1729 maximam
767 1696 915 1742 partem
944 1691 991 1729 ad
1020 1703 1126 1729 arma
1153 1691 1392 1742 trepidantes
1422 1690 1555 1729 caedes
1577 1703 1648 1741 op-

238 1747 392 1798 pressit3
422 1747 556 1798 paucis
587 1747 765 1786 armandi
796 1760 835 1786 se
864 1748 996 1787 datum
1029 1747 1194 1799 spatium
1227 1753 1305 1795 est,
1343 1760 1407 1787 eos
1434 1748 1538 1800 ipsos
1567 1757 1649 1785 non

236 1896 302 1926 wie
321 1896 372 1934 21,
395 1896 448 1938 31,
467 1896 505 1934 23
527 1897 580 1935 2S,
596 1896 649 1935 42,
669 1896 708 1935 83
726 1897 794 1937 vgl.
812 1908 837 1928 c.
856 1898 909 1938 39,

238 1942 266 1972 5.
288 1959 330 1964 ——-
348 1954 365 1974 e
383 1941 467 1983 silv„
487 1952 521 1973 es
540 1942 586 1974 ist
603 1943 662 1973 der
680 1942 724 1974 M.
745 1943 908 1974 Ciminius

239 1997 265 2017 c.
288 1986 341 2027 36,
365 1989 391 2020 1.
436 1988 515 2019 Hier
532 1997 604 2018 war
621 1988 704 2019 nach
722 1999 749 2019 c.
770 1988 824 2028 36,
848 1990 881 2021 11
899 1999 907 2027 3

240 2032 293 2071 35,
312 2033 330 2064 S
350 2033 408 2064 das
423 2032 600 2064 feindliehe
615 2032 724 2072 Lagei·
741 2043 906 2073 gewesen.

238 2096 279 2098 —
293 2078 460 2115 aviditate,
477 2089 504 2109 c.
519 2078 573 2118 35,
592 2078 622 2109 3.
642 2097 684 2100 ψ
703 2078 906 2119 instruendo,

237 2122 383 2164 absolut,
402 2123 466 2155 wie
486 2123 537 2162 10,
559 2124 608 2162 19,
628 2123 684 2162 153
705 2124 758 2164 24,
773 2124 826 2164 48,
848 2125 905 2163 113

238 2168 292 2208 28,
312 2169 365 2208 22,
387 2170 442 2208 133
462 2168 529 2208 vgl.
549 2169 580 2209 6,
602 2168 655 2208 35,
675 2169 711 2199 2:
728 2170 906 2210 accingen-

238 2212 317 2245 dmn
338 2215 421 2246 ohne
438 2225 481 2245 se.

285 2260 384 2291 4—8.
426 2260 582 2290 stationes
615 2263 691 2299 ete„
733 2259 787 2290 die
821 2259 908 2292 Vor—

239 2309 356 2347 posten
372 2304 656 2345 zuriickgezogen.
672 2323 715 2327 —
729 2304 781 2335 die
798 2317 839 2330 =
857 2305 908 2336 dt-

238 2352 279 2391 ez',
298 2350 364 2389 vgl.
384 2351 414 2390 5,
436 2350 486 2389 13,
503 2351 537 2389 53
557 2349 610 2390 21,
629 2349 683 2389 47,
699 2350 733 2380 7:
750 2367 793 2372 —
809 2359 907 2381 man-

237 2405 346 2436 suros,
365 2406 391 2427 s.
410 2396 439 2434 3,
458 2395 511 2432 45,
528 2395 556 2425 7.
577 2413 619 2416 —
637 2394 908 2435 decima—hora,

238 2451 290 2472 um
316 2441 392 2472 vier
410 2439 478 2472 Uhr
502 2439 742 2480 Nachlnittags.
764 2459 805 2462 ——
820 2450 907 2482 pau-

238 2488 294 2527 eis,
314 2486 366 2525 24,
386 2486 439 2526 38,
458 2487 492 2516 9:
516 2484 676 2528 pluribus.
697 2503 740 2508 —
756 2487 815 2525 αιἹ,
832 2496 857 2516 s.
879 2497 906 2517 c.

238 2534 268 2571 δ’,
284 2532 334 2563 14.
348 2551 389 2553 ψ
402 2531 513 2570 telum,
525 2530 592 2570 vgl.
608 2531 638 2570 3,
648 2532 701 2568 55,
712 2528 742 2562 3.
752 2550 793 2552 -
805 2532 905 2562 sestu-

238 2586 303 2617 νος,
322 2576 353 2616 2,
371 2577 422 2616 11,
437 2578 467 2607 ὕ.
487 2594 528 2598 —
546 2576 723 2618 mnbagib.,
752 2578 776 2616 1,
800 2577 852 2618 56,
874 2579 904 2607 9.

982 1916 1025 1920 —
1049 1899 1161 1929 ean-ati
1186 1908 1225 1938 0.,
1243 1898 1308 1930 wie
1338 1898 1390 1940 34,
1412 1897 1463 1937 16,
1494 1899 1524 1935 5,
1554 1901 1649 1930 sonst

981 1943 1075 1974 mehr
1092 1953 1233 1986 corpora
1249 1953 1381 1984 curare,
1406 1944 1473 1983 vgl.
1495 1943 1526 1983 3,
1546 1943 1576 1981 2,
1596 1945 1644 1976 10.

981 1987 1193 2020 considerant
1226 2000 1256 2020 n.
1290 1990 1410 2021 hostes.
1458 1988 1521 2020 Die
1549 1988 1649 2020 Form

980 2032 1108 2065 eonsidz·
1122 2034 1227 2066 haben
1244 2034 1319 2066 hier
1336 2034 1390 2066 die
1407 2033 1521 2065 besten
1540 2033 1650 2074 Hdss.,

979 2079 1046 2110 wie
1055 2078 1132 2110 Tae.
1149 2079 1231 2111 Anu.
1246 2079 1272 2119 1,
1283 2080 1325 2111 30
1338 2090 1367 2110 u.
1384 2090 1413 2110 a.
1425 2081 1599 2121 —quarta
1609 2089 1648 2119 cu,

980 2134 1005 2156 s.
1027 2125 1055 2163 7,
1070 2124 1124 2164 35,
1146 2125 1195 2157 11.
1210 2143 1251 2147 -—
1266 2124 1403 2165 dolabr„
1420 2125 1582 2166 „dolabra
1596 2129 1648 2156 est

980 2168 1086 2201 forma
1111 2170 1240 2202 securis
1270 2171 1328 2202 sed
1357 2179 1421 2201 una
1446 2175 1479 2202 et
1504 2170 1648 2212 simplici

979 2214 1063 2255 acie,
1080 2219 1175 2256 parte
1194 2215 1305 2248 altera
1322 2216 1355 2247 in
1369 2225 1558 2247 mueronem
1572 2225 1649 2246 acu-

978 2260 1113 2298 minata,
1143 2264 1180 2291 ut
1209 2260 1271 2292 illa
1289 2261 1329 2292 ad
1346 2261 1559 2301 caedendum,
1587 2261 1648 2292 hac

980 2305 1021 2336 ad
1038 2305 1240 2337 deruendum
1259 2306 1470 2345 ute1·entur“,
1500 2305 1647 2347 Lipsius.

981 2369 1022 2372 -—
1041 2349 1185 2382 delectae
1198 2351 1278 2392 coh„
1295 2351 1361 2390 vgl.
1378 2352 1408 2390 4,
1427 2351 1480 2390 27,
1502 2352 1561 2391 103
1581 2351 1649 2392 vgl.

982 2395 1012 2436 2,
1029 2395 1084 2435 47,
1104 2397 1133 2426 5.

1026 2440 1147 2471 9—10.
1163 2442 1302 2483 sopitae,
1317 2451 1380 2472 von
1396 2441 1456 2471 den
1466 2440 1646 2472 Menschen

980 2484 1040 2517 auf
1060 2486 1121 2516 deu
1147 2485 1295 2517 Zustand
1326 2485 1580 2526 iibergetragen.
1605 2504 1647 2508 —

977 2532 1117 2573 passim,
1132 2541 1184 2562 um
1199 2529 1258 2562 auf
1268 2530 1526 2562 verschiedeneu
1539 2530 1648 2562 Punk-

980 2581 1034 2607 ten
1053 2576 1105 2607 die
1123 2577 1216 2616 rings
1235 2586 1287 2607 um
1305 2577 1362 2607 das
1380 2575 1490 2616 Lager
1507 2577 1644 2619 (passim
