1763 2983
73 173 95 192 a.
117 164 170 193 ch.
192 166 275 192 386:
550 164 675 198 LIBER
700 164 755 198 vr.
793 165 884 199 CAP.
911 166 942 199 9.
975 169 1023 201 10.
1439 170 1485 208 21

74 268 216 313 mallet,
237 268 332 306 nihil
354 268 559 313 recusavit,
578 268 770 308 Valerium
792 271 1067 310 tantummodo
1090 271 1227 322 imperi
1251 270 1401 310 socium
1425 272 1493 309 de-

72 324 263 377 poposcit.
310 324 518 372 Quinctius
540 325 803 377 Horatiusque
831 339 1080 366 successores
1104 327 1252 366 Valerio
1282 327 1321 366 in
1344 328 1490 367 Volscis

73 381 195 421 missi.
242 382 405 432 profecti
433 381 480 421 ab
508 382 606 421 urbe
629 382 808 422 Sutrium
830 382 970 422 Furius
993 389 1032 422 et
1055 384 1224 423 Valerius
1246 389 1397 435 partem
1420 397 1490 436 op-

71 438 151 490 pidi
172 438 247 477 iam
270 443 421 490 captam
443 438 489 477 ab
511 437 685 478 Etruscis
707 438 902 486 invenere,
926 453 972 478 ex
991 446 1100 491 parte
1129 441 1249 480 altera
1271 441 1489 493 intersaep-

72 495 120 534 tis
141 494 349 534 itineribus
371 508 485 546 aegre
506 495 722 547 oppidanos
744 496 820 534 vim
845 496 1019 535 hostium
1037 497 1083 536 ab
1101 511 1141 535 se
1165 503 1356 536 arcentes.
1399 511 1487 537 cum

71 551 238 591 Romani
259 552 389 592 auxilii
410 552 601 591 adventus
622 557 707 591 tum
731 552 877 592 Camilli
899 566 1046 592 nomen
1069 553 1367 593 celeberrimum
1389 556 1490 605 apud

71 610 204 648 hostes
226 608 432 661 sociosque
462 615 500 648 et
528 608 568 648 in
599 610 818 660 praesentia
847 622 930 648 rem
961 609 1182 649 inclinatam
1214 611 1421 654 sustinuit.
1453 618 1492 650 et

70 665 241 716 spatium
263 666 310 704 ad
332 678 447 717 opem
469 666 671 705 ferendam
694 666 809 705 dedit.
861 666 990 718 itaque
1011 666 1132 705 diviso
1157 668 1327 706 exercitu
1349 669 1491 707 Camil-

70 722 128 761 lus
150 722 333 773 collegam
355 722 397 761 in
428 735 513 761 eam
541 727 692 773 partem
725 723 1003 762 circumductis
1035 724 1175 774 copiis,
1209 737 1324 774 quam
1356 726 1490 764 hostes

70 779 269 825 tenebant,
292 780 450 819 moenia
466 779 624 830 adgredi
647 779 765 825 iubet,
789 792 870 820 non
893 786 971 819 tam
995 794 1014 819 a
1036 793 1103 831 spe
1122 781 1233 819 scalis
1251 780 1334 832 capi
1352 781 1489 820 urbem

73 848 206 887 posse,
236 848 352 887 quam
382 842 426 876 ut
454 836 598 875 aversis
628 849 673 875 eo
695 837 874 875 hostibus
896 843 934 875 et
956 837 1163 889 oppidanis
1185 837 1260 876 iam
1283 839 1491 889 pugnando

69 893 185 932 fessis
216 893 409 933 laxaretur
438 893 565 940 labor,
598 899 635 932 et
664 893 748 944 ipse
779 894 950 945 spatium
974 894 1147 933 intrandi
1169 895 1255 933 sine
1276 895 1491 934 certamine

71 949 226 989 moenia
241 950 416 989 haberet.
440 951 546 1001 quod
563 962 651 990 cum
669 950 786 990 simul
803 951 1004 1003 utrimque
1021 952 1166 990 factum
1187 956 1305 997 esset,
1323 964 1488 1003 anceps-

71 1020 147 1057 que
168 1012 295 1046 terror
322 1006 511 1047 Etruscos
541 1007 832 1055 circumstaret,
864 1014 903 1046 et
933 1008 1087 1047 moenia
1115 1021 1270 1047 summa
1299 1009 1334 1046 vi
1363 1021 1489 1059 oppu-

70 1063 178 1114 gnari
198 1068 236 1102 et
255 1064 356 1103 intra
377 1064 533 1104 moenia
555 1077 641 1103 esse
670 1065 823 1104 hostem
855 1065 1042 1111 viderent,
1059 1070 1172 1116 porta
1201 1078 1255 1111 se,
1286 1078 1385 1116 quae
1414 1077 1491 1104 una

69 1121 171 1160 forte
192 1132 273 1159 non
296 1120 564 1168 obsidebatur,
594 1121 736 1172 trepidi
758 1134 837 1161 uno
859 1122 1012 1172 agmine
1035 1123 1195 1161 eiecere.
1242 1135 1380 1173 magna
1403 1135 1487 1161 cae-

71 1178 139 1216 des
161 1177 398 1228 fugientium
428 1182 467 1217 et
494 1177 535 1217 in
564 1178 661 1217 urbe
689 1182 727 1216 et
753 1190 822 1229 per
844 1191 956 1229 agros
980 1184 1038 1218 est
1057 1179 1169 1218 facta.
1217 1179 1349 1229 plures
1371 1193 1392 1217 a
1412 1179 1490 1219 Fu-

71 1234 187 1272 rianis
208 1234 310 1274 intra
326 1234 480 1274 moenia
501 1234 619 1280 caesi,
641 1234 831 1273 Valeriani
849 1235 1110 1286 expeditiores
1129 1237 1174 1274 ad
1193 1236 1490 1288 persequendos

72 1291 182 1329 fuere
199 1302 272 1329 nec
293 1296 383 1330 ante
401 1296 572 1337 noctem,
593 1304 690 1343 quae
708 1297 963 1343 conspectum
982 1293 1139 1338 ademit,
1163 1294 1282 1331 tinem
1301 1293 1488 1331 caedendi

71 1348 211 1385 fecere.
260 1348 392 1386 Sutrio
415 1353 571 1399 recepto
600 1348 859 1400 restitutoque
889 1349 1003 1388 sociis
1026 1350 1176 1401 Nepete
1200 1350 1392 1389 exercitus
1415 1351 1489 1389 du-

70 1409 166 1449 ctus,
186 1404 288 1455 quod
306 1417 376 1455 per
392 1404 635 1444 deditionem
652 1411 856 1457 acceptum
874 1406 948 1445 iam
966 1412 1095 1445 totum
1106 1407 1261 1446 Etrusci
1279 1407 1487 1446 habebant.

71 1460 280 1499 Videbatur
310 1461 397 1512 plus
425 1461 465 1500 in
495 1475 537 1500 ea
566 1461 664 1500 urbe
694 1463 918 1514 recipienda
947 1463 1088 1503 laboris
1117 1464 1219 1511 fore,
1253 1476 1333 1503 non
1358 1464 1421 1514 [in]
1444 1478 1488 1503 eo

70 1517 208 1564 solum,
233 1518 338 1569 quod
358 1523 439 1558 tota
461 1518 633 1558 hostium
657 1524 750 1567 erat,
774 1521 843 1559 sed
871 1520 987 1559 etiam
1010 1521 1114 1572 quod
1136 1526 1244 1572 parte
1268 1521 1489 1572 Nepesinow

71 1633 157 1665 Heer
187 1633 240 1666 bei
266 1633 347 1665 Rom
372 1633 542 1665 schneller
566 1634 650 1665 nach
675 1633 738 1665 Su-
810 1644 881 1677 per,
905 1634 965 1666 der
989 1635 1150 1667 Weehsel
1166 1636 1226 1667 der
1245 1635 1419 1678 Praeposs.
1443 1636 1487 1668 ist

70 1678 171 1711 trium
185 1680 348 1721 gelangen
365 1679 415 1711 als
433 1680 492 1711 das
506 1690 571 1711 von
587 1678 735 1711 Antium.

69 1743 112 1747 ——
138 1725 260 1765 mallet,
287 1736 323 1757 er
341 1725 456 1757 wiirde
481 1725 591 1765 (wenu
608 1735 681 1757 man
701 1735 736 1757 es

69 1770 134 1802 ihm
159 1769 363 1811 freigestellt
387 1771 493 1811 hiitte)
527 1781 736 1812 voi-gezogen

69 1815 185 1855 haben,
203 1826 229 1848 s.
245 1815 298 1855 38,
313 1816 367 1856 49,
390 1816 448 1855 133
467 1816 521 1855 45,
541 1816 595 1857 23,
613 1817 650 1856 73
669 1827 737 1848 we-

70 1870 131 1904 gen
150 1861 258 1893 dieses
276 1861 555 1905 hypothetischen
574 1861 736 1895 Verh'alt-

70 1906 176 1939 nisses
218 1907 307 1939 steht
348 1908 430 1939 ohne
464 1906 646 1939 Riicksicht
682 1907 741 1939 auf

69 1962 269 1994 quamquam
295 1953 355 1984 der
380 1952 565 1995 conjunct„
600 1953 684 1984 doch
709 1963 735 1985 s.

71 1998 124 2037 36,
143 1998 196 2038 34,
214 1999 245 2030 6.
263 2017 306 2020 —
326 2000 359 2029 in
379 1997 512 2030 Volscis
529 2013 573 2025 Ξ
591 2000 649 2040 qm'
665 1998 737 2031 Va-

70 2042 152 2075 lerio
170 2045 204 2075 z'n
223 2043 354 2076 Volscis
378 2054 587 2077 successores
604 2046 735 2085 essere&

70 2099 105 2120 es
123 2089 210 2121 wird
227 2091 262 2121 in
281 2089 419 2121 Volscos
437 2100 541 2123 verm.

116 2135 235 2168 7—11.
263 2136 452 2178 inim-saepi.
471 2136 520 2176 it„
538 2135 642 2168 durch
655 2134 738 2167 Bar-

70 2179 227 2221 rikaden3
245 2180 424 2221 Naegelsb.
443 2180 464 2223 ξ
479 2180 531 2222 35,
550 2183 615 2222 1,a.
630 2199 673 2203 —
687 2191 736 2212 ee-

67 2225 200 2266 leberr„
215 2227 245 2268 4,
263 2226 316 2265 54,
335 2226 366 2258 8.
382 2244 423 2249 —
436 2236 503 2258 non
520 2229 590 2258 tam
609 2237 629 2257 a
645 2237 688 2266 s.,
711 2236 736 2258 s.

71 2271 122 2313 27,
146 2271 194 2312 17,
213 2272 249 2303 5:
267 2282 344 2303 cum
368 2281 389 2302 α
405 2282 476 2315 ερε,
497 2272 550 2313 26,
573 2275 599 2314 1,
617 2272 652 2303 3:
671 2281 737 2303 non

69 2317 110 2348 ab
128 2318 180 2349 ira
197 2319 332 2349 tantum
349 2336 389 2339 —
409 2328 519 2359 quam,
546 2318 613 2360 vgl.
634 2318 664 2357 7,
689 2318 737 2359 15,

76 2363 123 2395 10.
158 2361 267 2395 Ueber
285 2363 346 2394 den
364 2373 431 2395 acc.
452 2374 480 2395 c.
500 2363 559 2395 ins.
580 2375 606 2395 c.
630 2363 678 2403 13,
699 2364 735 2403 ῖς

70 2408 137 2448 vgl.
155 2408 209 2448 40,
227 2408 281 2450 31,
299 2410 335 2448 63
355 2408 408 2449 34,
428 2408 481 2449 24,
500 2410 530 2440 7.
549 2428 591 2431 ——
609 2410 737 2441 aversis

71 2463 118 2493 ee,
137 2463 162 2485 s.
183 2464 210 2484 c.
229 2452 281 2493 23,
299 2453 334 2494 83
358 2456 386 2495 1,
405 2455 436 2494 6,
458 2456 490 2487 1:
517 2464 669 2493 avocare,
708 2457 734 2495 1,

72 2498 171 2538 57,8:
195 2498 388 2531 avolant.—
401 2510 563 2544 ancepsq.,
584 2500 665 2532 auch
675 2499 737 2531 Ca-

72 2543 185 2576 millus
199 2544 288 2586 griff,
303 2545 458 2577 naehdem
473 2556 510 2578 er
523 2546 556 2578 in
572 2545 626 2578 die
640 2545 739 2578 Stadt

74 2589 212 2629 geriickt
230 2600 311 2630 war,
330 2590 382 2622 die
400 2589 525 2623 Feinde
544 2602 594 2623 an.
609 2610 651 2613 —
670 2592 704 2622 in
718 2610 731 2613 —

816 1680 869 1711 bei
887 1680 924 1712 L.
945 1680 1036 1712 nieht
1054 1681 1174 1721 selten,
1194 1691 1219 1712 s.
1239 1691 1266 1712 c.
1283 1680 1337 1721 34,
1353 1683 1389 1720 ὃς
1410 1683 1440 1721 5,
1456 1682 1484 1722 8,

817 1726 852 1765 9,
880 1726 911 1766 4,
930 1727 982 1765 56,
1002 1727 1021 1758 4
1048 1737 1078 1758 u.
1106 1738 1133 1758 a.
1161 1745 1204 1749 -—
1232 1726 1406 1767 Furianis,
1434 1727 1486 1758 die

814 1771 920 1803 Lente
938 1772 996 1803 des
1015 1770 1149 1812 Furius,
1168 1772 1199 1809 2,
1222 1772 1272 1812 18,
1291 1772 1321 1803 4.
1341 1790 1382 1794 κ-
1407 1782 1485 1816 per-

814 1827 878 1858 seq.
907 1828 938 1848 n.
965 1827 1029 1857 θος,
1055 1828 1081 1849 s.
1108 1818 1160 1856 26,
1180 1816 1233 1856 25,
1253 1818 1289 1857 73
1309 1817 1362 1855 38,
1381 1817 1435 1856 29,
1454 1819 1485 1850 3.

815 1880 857 1885 —
884 1864 1111 1904 restitutoque,
1138 1863 1197 1894 der
1214 1861 1335 1903 Erfolg
1357 1861 1403 1894 ist
1421 1864 1486 1895 wie

815 1920 842 1939 c.
863 1907 899 1947 33
926 1908 1080 1948 obgleich
1101 1919 1141 1940 an
1168 1908 1228 1939 der
1253 1907 1385 1941 Grenze
1411 1909 1483 1941 sich

814 1954 929 1985 solche
947 1951 1087 1996 Rampfe
1107 1953 1348 1995 wiederholen,
1369 1964 1395 1986 s.
1414 1953 1435 1996 ξ
1454 1955 1484 1992 4,

815 2009 852 2030 so
871 1999 917 2031 ist
934 2009 968 2030 es
989 1999 1074 2031 doch
1092 1999 1387 2039 wahrscheiulich,
1406 2000 1484 2031 dass

813 2044 889 2076 hier
906 2044 959 2076 die
974 2044 1243 2085 Wiederholung
1257 2055 1321 2076 von
1340 2046 1402 2077 den
1417 2045 1484 2076 Α11-

814 2090 960 2122 nalisten
974 2091 1149 2130 herriihre,
1161 2091 1201 2121 da
1211 2090 1324 2122 weder
1334 2091 1393 2123 das
1404 2090 1484 2122 Elo-

812 2135 901 2177 gium
915 2135 972 2167 des
980 2135 1068 2167 Cam.
1081 2135 1158 2167 CIL.
1170 2147 1198 2178 p.
1208 2135 1283 2177 255,
1296 2135 1482 2168 nochDiod.

815 2181 864 2213 sie
880 2181 1000 2222 haben,
1018 2181 1176 2213 Plutarch
1192 2186 1278 2213 setzt
1291 2181 1349 2213 das
1364 2181 1483 2221 Ereig-

814 2226 885 2258 niss
904 2227 1018 2269 sp'ziter
1036 2237 1087 2267 an,
1106 2238 1131 2258 s.
1151 2226 1284 2259 Camill.
1299 2236 1326 2258 c.
1343 2227 1396 2268 37,
1414 2227 1482 2267 vgl.

816 2272 911 2305 Nieb.
934 2272 970 2304 R.
993 2271 1031 2304 G.
1053 2272 1084 2313 2,
1103 2273 1188 2312 6543
1207 2272 1237 2312 3,
1256 2273 1332 2305 320.

861 2312 928 2350 10.
957 2317 1053 2350 1—5.
1076 2320 1174 2361 parte
1190 2316 1287 2361 Nep.,
1314 2318 1398 2350 nach
1423 2317 1444 2359 ἓ
1462 2318 1480 2347 5

815 2363 868 2395 die
893 2363 1154 2404 Angesehenen,
1179 2364 1307 2395 welche
1342 2362 1401 2406 apf
1422 2364 1482 2394 der

816 2410 908 2441 Seite
927 2409 986 2441 der
1002 2410 1094 2441 alten
1112 2409 1221 2441 Heri-n
1239 2409 1392 2449 standen,
1415 2408 1480 2439 wie

815 2455 869 2487 die
887 2455 1129 2487 unterdriickte
1144 2455 1388 2494 Bevo'lkerung,
1407 2465 1432 2485 s.
1452 2465 1478 2484 c.

815 2501 846 2540 4,
877 2500 908 2542 4,
938 2511 978 2531 zu
1009 2501 1069 2532 den
1094 2500 1237 2532 Ro'mern
1265 2500 1360 2531 hielt.
1414 2499 1479 2530 Das

815 2544 893 2586 folg.
909 2548 1018 2577 tamen
1033 2545 1165 2578 bezieht
1180 2545 1253 2577 sich
1270 2556 1332 2576 11111·
1349 2543 1477 2575 aufden

815 2592 941 2624 letzten
959 2592 1053 2623 Satz:
1072 2590 1130 2622 sed
1145 2593 1245 2622 etcum
1260 2589 1346 2632 quod
1359 2594 1421 2620 etc.
1436 2606 1479 2611 —

1524 957 1562 988 lo

1525 1130 1561 1161 ll

1524 1355 1561 1387 12

1518 1462 1569 1500 1o
