1763 2983
64 195 90 213 ι.
110 187 162 213 Ch.
182 187 256 214 3861

582 185 707 219 LIBER
732 185 787 219 VI.
826 185 919 219 CAP.
945 187 975 219 8.

1430 187 1481 226 19

63 289 288 328 clamantes.
308 288 497 328 emissum
516 287 633 327 etiam
650 288 804 338 signum
816 288 962 327 Camilli
980 288 1092 327 iussu
1109 288 1149 327 in
1166 288 1339 327 hostium
1358 288 1479 327 aciem
1512 295 1530 326 3

64 346 210 393 ferunt,
228 346 345 396 idque
363 351 407 385 ut
423 350 669 397 repeteretur
686 345 901 384 concitatos
920 346 1216 396 antesignanos,
1239 345 1290 384 ibi
1309 345 1480 397 primum
1510 353 1530 383 4

65 403 222 454 pulsum
245 402 459 449 Antiatem,
491 407 764 453 terroremque
796 413 876 440 non
909 401 950 440 in
981 402 1147 452 primam
1177 407 1330 441 tantum
1359 402 1481 440 aciem

64 459 133 498 sed
156 459 272 498 etiam
295 459 341 498 ad
363 458 616 498 subsidiarios
633 459 838 510 perlatum.
870 470 943 497 nec
964 458 1019 496 vis
1036 464 1191 498 tantum
1210 459 1376 498 militum
1395 470 1483 496 mo-
1513 468 1531 497 5

65 515 190 562 vebat,
208 515 372 556 excitata
388 516 606 568 praesentia
625 515 748 562 ducis,
770 515 839 554 sed
857 515 961 566 quod
978 515 1205 555 Volscorum
1225 516 1367 555 animis
1385 515 1483 554 nihil

64 572 279 613 terribilius
302 578 384 612 erat
405 586 521 625 quam
542 572 664 624 ipsius
682 572 828 611 Camilli
846 571 946 610 forte
964 571 1089 610 oblata
1106 573 1273 622 species:
1297 572 1360 619 ita,
1384 584 1484 623 quo·
1513 581 1532 611 6

65 642 233 681 cumque
264 642 306 668 se
338 630 547 677 intulisset,
580 629 781 669 victoriam
813 640 946 668 secum
969 628 1071 668 haud
1103 628 1262 667 dubiam
1293 628 1482 668 trahebat.

66 687 232 726 maxime
254 687 291 725 id
314 687 472 726 evidens
494 686 579 733 fuit,
603 698 692 725 cum
714 685 754 725 in
775 686 927 725 laevum
950 697 1072 725 cornu
1090 697 1211 736 prope
1234 685 1310 724 iam
1328 686 1483 737 pulsum

65 749 218 796 arrepto
249 749 414 795 repente
446 756 548 796 equo
580 756 670 782 cum
708 748 817 782 scuto
854 742 1025 794 pedestri
1056 742 1238 782 advectus
1271 747 1485 794 conspectu

66 858 247 897 inclinata
264 870 327 897 res
344 863 437 905 erat,
454 858 521 897 sed
540 857 650 896 turba
667 857 839 896 hostium
858 861 896 895 et
913 856 1042 907 fugam
1062 854 1300 907 inpediebat,
1320 861 1357 895 et
1373 855 1486 905 longa

65 915 179 955 caede
202 915 441 955 conficienda
464 914 671 954 multitudo
692 919 799 953 tanta
820 914 925 952 fesso
948 913 1059 952 militi
1088 917 1183 958 erat,
1213 925 1301 951 cum
1324 917 1487 964 repente

67 971 292 1023 ingentibus
322 972 503 1023 procellis
525 971 637 1011 fusus
669 971 796 1010 imber
817 975 963 1010 certam
996 970 1120 1021 magis
1141 969 1341 1009 victoriam
1371 981 1486 1021 quam

66 1029 256 1080 proelium
274 1029 441 1068 diremit.
474 1028 586 1080 signo
609 1028 751 1068 deinde
773 1028 947 1079 receptui
970 1028 1059 1067 (lato
1081 1038 1159 1066 nox
1181 1027 1358 1066 insecuta
1374 1025 1487 1078 quie-
1518 1034 1537 1065 8

68 1087 113 1125 tis
135 1086 322 1127 Romanis
344 1086 509 1138 perfecit
529 1086 687 1125 bellum.
734 1085 860 1124 Latini
888 1096 1060 1136 namque
1091 1089 1129 1123 et
1157 1083 1313 1123 Hernici
1343 1083 1487 1123 relictis

67 1143 213 1182 Volscis
236 1144 375 1183 domos
396 1143 560 1195 profecti
581 1147 687 1189 sunt,
719 1142 831 1181 malis
863 1141 1036 1181 consiliis
1067 1153 1178 1193 pares
1209 1140 1338 1192 adepti
1369 1150 1488 1179 even-

66 1205 150 1245 tus;
172 1200 296 1239 Volsci
317 1199 384 1239 ubi
405 1212 447 1238 se
469 1199 646 1238 desertos
668 1197 715 1237 ab
734 1198 789 1237 eis
808 1198 953 1245 videre,
976 1209 1145 1249 quorum
1168 1197 1308 1237 fiducia
1324 1196 1491 1236 rebella-
1519 1205 1539 1236 9

67 1261 214 1303 verant,
237 1255 378 1295 relictis
396 1255 531 1295 castris
549 1254 755 1294 moenibus
775 1254 913 1293 Satrici
930 1266 972 1293 se
990 1254 1210 1293 includunt.
1244 1266 1344 1305 quos
1361 1252 1488 1304 primo

68 1312 251 1352 Camillus
279 1313 375 1351 vallo
404 1312 646 1351 circumdare
676 1316 714 1350 et
741 1322 878 1363 aggere
907 1316 1024 1361 atque
1053 1309 1238 1361 operibus
1261 1320 1487 1361 oppugnare

66 1374 126 1407 est
148 1368 317 1408 adortus.
350 1381 450 1421 quae
471 1374 680 1420 postquam
702 1367 808 1407 nulla
832 1366 1039 1419 eruptione
1062 1366 1242 1418 impediri
1263 1366 1386 1413 videt,
1410 1365 1485 1405 mi-

67 1436 142 1465 nus
172 1437 258 1464 esse
286 1425 407 1464 animi
436 1430 543 1464 ratus
573 1425 614 1464 in
644 1425 777 1472 hoste,
810 1436 925 1475 quam
956 1429 999 1463 ut
1018 1424 1059 1462 in
1083 1436 1127 1462 eo
1150 1429 1227 1462 tam
1250 1423 1379 1463 lentae
1401 1422 1486 1474 spei

66 1482 263 1521 victoriam
286 1486 521 1533 expectaret,
545 1481 771 1520 cohortatus
795 1481 957 1528 milites,
980 1492 1030 1519 ne
1051 1485 1254 1531 tamquam
1277 1480 1392 1518 Veios
1414 1491 1486 1530 op-

66 1543 283 1590 pugnantes
304 1539 344 1577 in
367 1551 484 1590 opere
506 1539 719 1590 longinquo
742 1550 829 1577 sese
851 1542 1044 1585 tererent3
1068 1536 1270 1576 victoriam
1294 1536 1333 1575 in
1356 1536 1484 1575 mani—

67 1652 184 1693 zeitig,
210 1653 241 1693 3,
265 1651 320 1693 22,
338 1651 358 1683 6
382 1663 413 1684 u.
439 1663 468 1684 a.
496 1670 538 1675 —
564 1654 739 1693 emissum,

70 1698 134 1729 wie
153 1697 183 1737 3,
203 1698 257 1739 70,
280 1698 328 1731 10.
347 1715 390 1721 —
412 1700 656 1740 antesignanos
674 1699 739 1730 und

70 1743 214 1775 naehher
229 1755 235 1775 :
251 1745 366 1787 prima
383 1745 472 1775 acies
490 1744 545 1776 die
561 1744 688 1776 hastati
707 1755 738 1775 u.

69 1788 250 1831 principes,
275 1788 338 1820 wie
356 1788 377 1830 ξ
395 1789 433 1820 4;
459 1788 666 1831 subsidiarii,
685 1789 739 1822 die

68 1833 236 1875 Triarier,
254 1844 280 1866 s.
298 1833 327 1876 8,
341 1833 376 1873 83
396 1834 428 1875 4,
443 1834 497 1875 28,
512 1834 543 1867 2.
559 1853 599 1858 -
615 1836 738 1866 moveb.

68 1894 112 1906 =
129 1880 280 1920 terrebat,
304 1890 330 1911 s.
359 1890 386 1911 c.
414 1881 444 1920 7,
468 1882 501 1920 13
528 1880 581 1919 22,
605 1881 660 1920 61,
684 1881 738 1914 13:

67 1935 125 1956 nee
150 1927 258 1956 tamen
281 1935 339 1957 eae
366 1924 475 1957 clades
495 1928 677 1958 moverunt.
695 1944 740 1950 -

68 1971 118 2002 vis
135 1989 177 1993 —
195 1969 258 2002 sed
271 1970 369 2012 quod,
386 1971 453 2011 vgl.
473 1971 504 2013 9,
519 1972 551 2011 6,
567 1972 603 2003 4:
621 1973 742 2004 incerti

68 2034 110 2038 -
129 2018 159 2048 et
176 2015 279 2057 quod3
298 2016 352 2057 26,
371 2016 424 2057 46,
446 2018 478 2050 1:
503 2015 678 2049 altitudine
695 2036 738 2041 ›—

67 2063 98 2093 εἰ
121 2061 232 2104 quod;
262 2064 288 2103 1,
318 2063 367 2101 15,
391 2063 423 2094 1:
450 2065 740 2105 consanguinitate

69 2125 109 2129 ——
129 2109 162 2138 et
179 2107 269 2149 qaod
282 2118 313 2140 u.
333 2118 359 2139 s.
378 2116 418 2139 w.
438 2125 481 2131 ——
499 2109 555 2149 ita,
576 2108 639 2140 wie
656 2108 739 2140 adeo

69 2151 172 2194 praef.
196 2155 245 2186 11.
262 2172 305 2176 ——
322 2162 492 2195 quocumq.
513 2164 540 2185 s.
561 2155 630 2194 int„
660 2164 687 2186 s,
707 2155 738 2195 3,

73 2200 119 2239 11,
139 2198 175 2238 2,
203 2198 257 2238 21,
276 2198 329 2240 35,
348 2199 366 2229 2
392 2210 423 2230 u.
442 2209 481 2240 a.,
507 2200 627 2232 anders
657 2199 688 2240 8,
707 2200 738 2240 9,

74 2243 110 2275 12
129 2253 159 2275 u.
178 2253 203 2275 S.
222 2254 264 2275 w.
283 2263 324 2266 —
344 2254 455 2284 cornu,
477 2245 537 2276 der
550 2243 680 2277 Romer.
694 2263 738 2268 -—

68 2298 144 2320 cum
159 2300 204 2320 se.
220 2288 304 2332 ped„
329 2288 372 2321 im
389 2289 483 2321 Eifer
506 2290 564 2322 hat
587 2301 624 2323 er
648 2290 739 2323 nicht

69 2334 189 2366 einmal
204 2335 265 2366 den
280 2335 367 2366 beim
378 2334 498 2368 Reiten
512 2335 737 2378 unbequemen

69 2379 181 2411 Schild
199 2380 258 2412 der
273 2378 489 2422 Fussgi‘inger
506 2381 564 2413 mit
582 2382 641 2413 der
657 2392 739 2424 par-

70 2435 126 2456 ma
149 2426 362 2468 vertauseht,
392 2425 588 2468 umgekehrt
610 2426 739 2470 kampft

69 2470 100 2510 2,
118 2471 172 2512 46,
196 2472 214 2502 5
241 2469 365 2503 Fabius
389 2472 452 2504 mit
476 2472 536 2504 der
559 2482 674 2515 parma
697 2483 738 2504 zu

70 2514 187 2555 Fusse,
211 2516 279 2557 vgl.
304 2517 335 2558 4,
353 2516 407 2557 38,
426 2517 456 2550 3.
483 2535 526 2541 ——
550 2520 738 2561 conspectu,

68 2560 182 2602 passiv
198 2575 244 2588 =
269 2560 290 2603 5
309 2561 342 2593 5:
369 2560 478 2594 oblata
499 2564 642 2606 species:
668 2562 737 2595 Cic.

69 2603 142 2637 Fin.
162 2606 193 2646 5,
214 2604 332 2647 18,48.

859 1654 930 1684 7-
944 1653 992 1686 10.
1026 1652 1086 1684 sed
1101 1652 1201 1685 turba
1225 1657 1303 1693 ete„
1329 1652 1390 1684 der
1406 1652 1485 1693 Sieg

813 1708 885 1730 war
899 1698 1000 1730 sehon
1017 1698 1242 1736 entschieden,
1254 1698 1334 1729 aber
1344 1697 1397 1729 die
1406 1708 1484 1729 ver-

813 1754 968 1776 worrene
993 1743 1104 1776 Masse
1138 1743 1198 1774 der
1223 1742 1366 1783 Feinde,
1399 1753 1425 1774 s,
1453 1744 1484 1781 9,

814 1789 867 1830 23,
904 1790 961 1823 16:
996 1792 1099 1822 semet
1127 1790 1233 1832 ipsam
1258 1788 1357 1820 turba
1379 1790 1483 1831 irnpe-

812 1834 918 1876 diens,
937 1835 1091 1868 hinderte
1109 1835 1164 1866 ihu
1185 1833 1333 1875 sogleich
1351 1844 1392 1865 zu
1404 1843 1483 1865 ver—

813 1879 925 1921 folgen
937 1904 945 1920 ,
968 1881 1008 1912 da
1035 1881 1086 1913 sie
1104 1879 1198 1912 nicht
1215 1890 1276 1911 nur
1294 1879 1345 1910 die
1364 1878 1485 1910 Flucht

813 1926 872 1958 der
904 1925 1030 1958 Feinde
1073 1925 1299 1966 erschwerte,
1339 1925 1482 1957 sonderu

813 1973 898 2004 auch
917 1971 969 2003 die
985 1971 1108 2004 Riimer
1125 1971 1275 2012 nb‘thigte
1292 1970 1348 2002 die
1365 1980 1483 2012 grosse

813 2017 930 2058 Mengc
962 2016 1245 2056 niederzuhauen,
1283 2026 1352 2047 was
1385 2016 1483 2056 lange

812 2062 891 2095 Zeit
921 2062 1090 2095 erfordert
1118 2062 1222 2094 h'a'tte.
1247 2080 1290 2084 -—-
1321 2062 1481 2103 ingentib.

809 2119 876 2151 pr„
913 2113 1013 2140 unter
1036 2106 1197 2149 heftigem
1224 2107 1376 2148 sturme,
1414 2107 1481 2147 vgl.

812 2165 839 2186 c.
860 2154 914 2195 32,
933 2155 972 2193 ὃς
991 2153 1022 2194 8,
1041 2155 1073 2195 ὃ,
1091 2154 1128 2189 3;
1149 2154 1180 2193 2,
1198 2152 1252 2193 62,
1275 2155 1301 2185 1.
1326 2170 1371 2175 —
1394 2150 1482 2184 dire-

810 2201 871 2231 mit
897 2203 973 2239 etc„
999 2210 1024 2230 s.
1053 2199 1084 2239 7,
1111 2198 1165 2238 33,
1196 2199 1252 2237 153
1284 2198 1344 2229 der
1370 2197 1481 2229 Sturn-

811 2249 946 2277 trennte
961 2244 1014 2276 die
1028 2243 1200 2284 Parteien,
1219 2243 1269 2275 als
1288 2243 1339 2274 sie
1354 2242 1482 2274 bereits

812 2290 905 2322 nicht
930 2290 1023 2322 mehr
1047 2288 1233 2332 kampften,
1259 2289 1403 2320 sondern
1429 2288 1483 2319 die

812 2336 884 2368 eine
918 2335 1019 2367 sehon
1053 2335 1171 2376 siegte.
1203 2353 1245 2357 —
1277 2333 1413 2372 deinde,
1450 2333 1481 2364 in

813 2381 917 2422 Fulge
936 2381 1057 2413 davon.
1082 2399 1124 2403 -—
1147 2381 1282 2422 quietis,
1303 2379 1386 2411 ohne
1404 2379 1482 2410 dass

812 2427 863 2459 sie
881 2432 987 2459 etwas
1004 2437 1046 2458 zu
1065 2425 1147 2458 thun
1164 2426 1290 2458 hatten.
1307 2442 1352 2448 —
1373 2424 1482 2456 lentae

810 2483 860 2516 sp.
878 2483 919 2511 v.,
945 2471 999 2503 ein
1018 2471 1106 2513 Sieg,
1133 2472 1193 2503 der
1220 2475 1291 2503 erst
1308 2470 1392 2501 nach
1410 2470 1482 2500 lan-

811 2527 884 2558 gem
898 2517 1034 2558 Verzug
1051 2516 1176 2558 gehofft
1190 2516 1326 2548 werden
1341 2514 1480 2553 konnte3

812 2562 865 2594 ein
884 2560 990 2594 freier
1005 2560 1183 2594 Gebrauch
1201 2561 1259 2593 des
1277 2559 1381 2601 genit.
1400 2568 1480 2600 qua—

811 2607 932 2639 litatis.

1152 2660 1195 2694 2²8

1516 804 1533 813 μ

65 814 136 840 suo
158 801 351 852 proelium
373 800 558 848 restituit,
581 805 787 839 ostentans
804 799 1029 838 vincentem
1049 804 1219 838 ceteram
1238 799 1374 838 aciem.
1408 798 1485 837 iam
1522 815 1529 834 ι

1520 1377 1557 1408 10
