1763 2983
207 1234 246 1265 lo

209 1516 241 1546 11

789 218 911 251 LIBER
940 216 990 251 Vl.
1031 218 1120 251 CAP.
1151 220 1180 250 4.

280 220 328 257 12
1451 226 1474 242 11,
1496 226 1521 243 u.
1543 219 1682 243 5255.<.‘566.

276 322 340 373 qui
373 333 451 359 non
484 320 734 371 remigrasset
758 320 934 366 Romam,
966 334 1008 359 ex
1042 320 1236 359 ferocibus
1271 318 1463 358 universis
1494 319 1681 370 singulos,

278 384 385 418 metu
407 390 477 417 suo
500 390 710 428 quemque,
734 377 988 416 oboedientes
1010 377 1113 416 fecit.
1157 382 1195 415 et
1209 377 1328 415 Roma
1350 389 1439 415 cum
1462 377 1683 427 frequentia

275 447 468 479 crescere,
509 440 588 472 tum
608 438 705 472 otota
741 433 856 472 simul
893 447 1101 484 exsurgere
1122 433 1304 472 aedificiis
1327 438 1365 471 et
1386 445 1427 471 re
1448 433 1601 483 publica
1623 433 1684 472 in-

276 504 414 543 pensas
461 491 683 536 adiuvante,
737 496 776 529 et
817 491 1005 530 aedilibus
1051 491 1154 529 velut
1198 489 1397 541 publicum
1439 489 1682 540 exigentibus

274 561 384 599 opus,
409 553 447 585 et
468 547 559 598 ipsis
581 546 739 598 privatis
771 571 814 573 —-
838 547 1073 586 admonebat
1102 546 1207 585 enim
1235 546 1473 585 desiderium
1505 558 1596 585 usus
1630 569 1683 574 »-

274 603 551 643 festinantibus
579 603 626 642 ad
656 604 839 643 effectum
871 604 1019 655 operis,
1056 604 1234 654 intraque
1271 615 1417 642 annum
1454 615 1553 641 nova
1590 603 1683 642 urbs

274 661 394 700 stetit.

387 716 502 756 Exitu
523 717 615 755 anni
633 717 788 755 comitia
809 716 1059 756 tribunorum
1083 715 1248 756 militum
1274 716 1467 755 consulari
1491 720 1683 767 potestate

275 774 414 813 habita.
465 773 582 812 creati
614 773 655 811 T.
689 773 895 821 Quinctius
927 773 1179 812 Cincinnatus
1220 774 1263 820 Q.
1297 772 1482 812 Servilius
1516 772 1683 811 Fidenas

275 831 457 882 quintum
480 830 520 868 L.
552 830 672 869 lulius
698 831 802 869 [ulus
832 830 873 868 L.
902 830 1076 881 Aquilius
1098 830 1245 868 Corvus
1275 829 1317 867 L.
1336 829 1539 868 Lucretius
1562 829 1684 867 Trici-

276 887 422 938 pitinus
445 888 527 925 Ser.
551 887 745 938 Sulpicius
769 887 905 926 Rufus.
930 887 1144 925 exercitum
1173 887 1339 925 alterum
1363 885 1402 924 in
1424 886 1580 937 Aequos
1604 898 1684 924 non

275 945 320 983 ad
344 944 487 983 bellum
510 967 564 971 -
592 944 711 982 victos
736 957 906 995 namque
936 957 976 982 se
1008 943 1231 982 fatebantur
1262 967 1315 972 —-
1338 943 1407 981 sed
1438 943 1484 981 ab
1515 942 1603 981 odio
1637 943 1683 981 ad

276 1001 553 1052 pervastandos
575 1001 684 1047 lines,
708 1012 757 1039 ne
776 1000 867 1051 quid
891 1001 936 1039 ad
950 1013 1047 1039 nova
1070 999 1231 1038 consilia
1248 1000 1517 1051 relinquerent
1531 999 1682 1045 virium,

276 1058 433 1102 duxere,
465 1057 629 1095 alterum
662 1057 701 1095 in
731 1070 866 1107 agrum
890 1057 1228 1108 Tarquiniensem.
1262 1056 1313 1095 ibi
1335 1056 1476 1107 oppida
1497 1056 1684 1095 Etrusco—

275 1127 362 1153 rum
386 1114 572 1152 Cortuosa
595 1119 634 1151 et
656 1114 902 1153 Contenebra
926 1114 961 1151 vi
990 1119 1110 1165 capta.
1159 1114 1206 1152 ad
1229 1113 1458 1152 Cortuosam
1482 1113 1576 1152 nihil
1599 1126 1684 1151 cer-

275 1170 434 1209 taminis
446 1169 539 1209 fuit:
564 1170 761 1220 inproviso
780 1170 903 1209 adorti
916 1170 1042 1221 primo
1055 1171 1221 1209 clamore
1236 1175 1352 1221 atque
1370 1170 1519 1221 impetu
1531 1182 1682 1221 cepere.

276 1227 472 1278 direptum
497 1226 683 1277 oppidum
705 1232 821 1277 atquc
844 1227 1048 1265 incensum
1067 1232 1136 1265 est.
1179 1226 1425 1265 thilltenebra
1443 1239 1585 1277 paucos
1603 1227 1684 1265 dies

275 1282 606 1334 oppugnationem
624 1283 822 1328 sustinuit,
845 1283 1031 1334 laborque
1044 1283 1268 1325 continuus,
1288 1296 1366 1321 non
1386 1283 1460 1328 die,
1476 1295 1555 1321 non
1568 1288 1684 1321 nocte

274 1339 475 1383 remissus,
497 1339 651 1389 subegit
673 1352 750 1377 eos.
803 1352 890 1378 cum
913 1340 952 1377 in
976 1352 1043 1378 sex
1066 1345 1194 1390 partes
1217 1339 1362 1378 divisus
1391 1339 1583 1377 exercitus
1607 1340 1685 1377 Ro-

275 1409 415 1435 manus
433 1395 538 1434 senis
560 1395 666 1434 horis
689 1395 729 1434 in
751 1396 886 1434 orbem
909 1396 1138 1435 succederet
1168 1396 1327 1446 proelio,
1359 1396 1573 1446 oppidanos
1596 1409 1684 1434 eos-

276 1454 365 1492 dem
388 1452 538 1503 integro
560 1464 717 1503 semper
739 1452 942 1491 certamini
965 1453 1136 1503 paucitas
1158 1452 1285 1491 fessos
1316 1452 1498 1497 obiceret,
1531 1464 1684 1491 cessere

275 1509 447 1555 tandem,
470 1509 657 1560 locusque
676 1509 883 1547 invadendi
901 1509 1039 1547 urbem
1059 1509 1242 1547 Romanis
1260 1509 1373 1547 datus
1396 1514 1467 1547 est.
1498 1509 1685 1559 publicari

275 1566 456 1617 praedam
469 1565 637 1604 tribunis
650 1565 840 1616 placebat3
864 1566 931 1603 sed
945 1565 1153 1616 imperium
1165 1578 1280 1616 quam
1293 1565 1501 1603 consilium
1524 1565 1684 1615 segnius

274 1623 366 1662 fuit:
391 1623 483 1661 dum
497 1627 742 1668 cunctantur,
765 1622 839 1660 iam
862 1621 1029 1661 militum
1050 1622 1190 1673 praeda
1213 1627 1306 1667 erat,
1330 1634 1403 1660 nec
1416 1622 1489 1660 nisi
1506 1622 1686 1673 perinvi-

276 1731 379 1771 Folge
393 1731 603 1771 angedeutet.
620 1749 661 1753 ἢ
679 1731 738 1771 qm'
749 1741 794 1761 sc.
810 1731 863 1771 iis,
877 1732 944 1771 qtu',

1019 1731 1071 1768 40,
1101 1731 1150 1771 14,
1176 1730 1290 1772 sp‘ziter
1317 1730 1481 1771 Plcbejer.
1509 1749 1550 1752 ——
1578 1732 1686 1769 victos,

276 1787 302 1807 s.
326 1778 352 1813 1,
376 1778 402 1815 1,
421 1777 458 1809 3:
480 1775 531 1813 10,
550 1776 604 1812 36,
623 1776 658 1813 7;
684 1776 737 1814 23,
759 1776 808 1815 15,
825 1776 845 1807 4
865 1786 894 1806 u.
915 1786 943 1807 a.

1018 1775 1073 1807 dic
1085 1776 1217 1817 Aeqner
1230 1775 1302 1806 sind
1319 1786 1355 1806 so
1369 1775 1594 1817 geschwiicht,
1609 1776 1685 1806 dass

275 1839 318 1844 ——
329 1821 379 1852 Zu
389 1822 505 1862 capitis
510 1830 627 1862 poena,
641 1820 715 1851 hier
725 1830 802 1852 nur:
817 1821 945 1853 schwe-

277 1876 313 1897 re
331 1864 453 1905 Strafe,
478 1865 524 1897 ist
549 1875 608 1896 aus
631 1867 837 1907 praestituta,
863 1876 888 1897 S.
915 1867 945 1905 3,

278 1912 331 1948 22,
348 1912 380 1949 4,
398 1910 450 1942 ein
469 1911 752 1951 entspreehender
765 1911 894 1951 Begriff
906 1921 945 1942 zu

279 1957 426 1987 nehmen.
442 1975 482 1977 —
498 1958 529 1987 et
544 1955 660 1998 kniipft
674 1955 790 1988 locker
804 1956 856 1987 die
869 1955 948 1987 Fol-

278 2012 316 2042 ge
331 2002 389 2032 der
403 2001 519 2032 beiden
535 2000 743 2041 Massrcgeln
758 2012 809 2033 an.
822 2011 947 2033 —cum

279 2065 322 2069 —
339 2056 495 2085 crescere,
513 2056 537 2077 s.
560 2047 590 2085 3,
608 2046 662 2085 65,
683 2048 731 2078 10.
749 2065 790 2069 -
807 2047 948 2088 eoeigen-

279 2092 379 2130 iilum,
399 2091 452 2122 die
466 2090 618 2131 Aedilem
636 2091 782 2124 walchen
798 2091 851 2124 die
867 2101 950 2123 cura

281 2137 374 2167 urbis
391 2136 498 2176 ohlag‚
516 2134 795 2178 beaufsiehtigten
810 2138 876 2170 und
894 2136 949 2168 be-

281 2180 409 2212 trieben
430 2181 519 2221 jetzt
544 2182 603 2212 den
632 2182 698 2212 Bau
724 2194 788 2214 von
814 2181 949 2214 Privat-

280 2226 436 2267 hiiusern,
462 2237 488 2257 s.
518 2228 547 2265 5,
573 2228 624 2265 55,
650 2228 679 2265 3,
707 2228 771 2259 wie
797 2228 859 2259 den
885 2238 949 2258 von

283 2271 496 2303 iiffentlichen
516 2270 707 2305 Geb'ziuden.
749 2273 850 2304 Sonst
866 2272 950 2303 wird

282 2317 419 2357 &regere
436 2317 528 2348 mehr
546 2327 609 2348 von
627 2317 688 2349 den
707 2317 875 2349 Censoren
894 2327 951 2357 ge-

284 2362 434 2400 braucht,
449 2361 574 2393 Becker
588 2362 619 2401 2,
635 2363 665 2403 2,
680 2363 754 2395 236.
769 2382 811 2385 ——
824 2362 869 2394 ad
879 2364 951 2405 effi,

283 2417 310 2438 s.
337 2406 390 2447 21,
408 2406 438 2447 7,
456 2407 485 2437 6.
513 2425 555 2429 —
579 2417 718 2449 annum,
744 2409 814 2439 dem
838 2414 950 2440 ersten

284 2453 367 2483 uach
384 2452 442 2482 der
460 2451 678 2493 Zerstb'rung.

330 2497 427 2528 7—s.
454 2496 622 2537 Servilius,
643 2500 673 2536 5,
693 2499 745 2529 36.
764 2497 951 2539 Lucretius,

284 2541 562 2573 wahrscheinlich
580 2543 639 2574 der
657 2544 744 2574 Sohu
770 2543 826 2575 des
854 2545 883 2582 5,
909 2545 950 2575 32

284 2592 480 2627 genanntcn.
523 2587 696 2628 Aquilius,
723 2588 774 2619 die
801 2589 953 2630 Aquilier

286 2632 357 2664 sind
381 2631 412 2663 in
438 2631 550 2664 dieser
573 2632 650 2665 Zeit
668 2632 847 2675 Patricior,
875 2645 900 2665 s.
921 2636 952 2674 2,

1020 1820 1067 1852 sie
1086 1821 1158 1853 ihre
1183 1820 1339 1853 sriihereu
1359 1820 1578 1860 Besitzungeu
1598 1821 1687 1852 nieht

1020 1866 1203 1908 behaupten
1229 1866 1376 1905 konnen,
1403 1867 1465 1897 und
1492 1870 1563 1897 erst
1587 1866 1617 1905 9,
1644 1866 1686 1897 45

1019 1912 1146 1943 wieder
1162 1911 1204 1942 im
1219 1910 1356 1953 Hampfe
1371 1910 1430 1941 mit
1445 1911 1524 1943 Rom
1542 1911 1690 1942 ersehei-

1021 1967 1146 1988 nen.-—-
1165 1955 1333 1997 Tamum„
1350 1958 1379 1993 5,
1400 1956 1447 1995 16,
1462 1956 1533 1987 also
1545 1955 1689 1995 jenseits

1021 2003 1077 2033 des
1092 2001 1316 2034 Ciminischen
1333 2000 1603 2041 &Valdgebirgeffi
1622 2002 1688 2042 vgl.

1022 2050 1054 2088 9,
1072 2047 1125 2088 36,
1147 2050 1172 2080 1.

1067 2093 1144 2123 9—
1164 2094 1212 2126 11.
1253 2092 1414 2124 Cortuosa
1441 2091 1542 2132 Ceut„
1577 2092 1688 2123 wahr-

1022 2137 1206 2170 scheinlich
1220 2148 1283 2168 von
1298 2136 1475 2177 Tarquinii
1495 2136 1690 2177 abh'angige,

1022 2188 1117 2214 sonst
1135 2183 1225 2214 nicht
1242 2182 1417 2214 erw'ahntc
1437 2182 1529 2213 Orte.
1548 2201 1590 2204 ——
1604 2193 1690 2225 paa-

1022 2239 1078 2260 eos
1091 2247 1133 2250 -—
1146 2228 1278 2269 lahorq„
1293 2238 1356 2259 nur
1365 2226 1494 2268 wenige
1508 2245 1550 2249 —
1565 2227 1618 2259 die
1632 2238 1691 2258 nn-

1023 2273 1288 2305 unterbrochene
1319 2272 1558 2312 Austrengung
1595 2273 1691 2304 n'am—

1024 2319 1102 2358 lich,
1129 2329 1155 2349 s.
1174 2329 1202 2350 c..
1226 2320 1257 2358 3,
1281 2318 1314 2349 3:
1341 2319 1568 2360 confectoque,
1595 2318 1690 2348 oder:

1024 2374 1116 2395 zwar
1145 2363 1253 2404 einige
1279 2381 1321 2385 —
1353 2363 1433 2395 aber
1455 2362 1520 2403 die,
1547 2373 1571 2393 s.
1591 2374 1618 2393 e.
1642 2364 1691 2403 lo,

1026 2411 1064 2446 5;
1092 2409 1143 2447 23,
1171 2410 1199 2448 7,
1227 2409 1262 2439 11
1292 2418 1321 2439 11.
1340 2418 1369 2439 a.
1395 2426 1437 2430 -—-
1464 2418 1538 2438 cum
1557 2412 1619 2439 etc.
1638 2418 1692 2438 er-

1025 2453 1201 2486 kl'arendes
1219 2452 1427 2495 Asyndeton.
1451 2471 1494 2474 —
1517 2454 1550 2483 ίη
1568 2453 1645 2491 orb„
1665 2462 1690 2483 s.

1027 2499 1128 2540 5,19,
1151 2500 1199 2531 11.
1221 2516 1265 2520 ——-
1289 2497 1367 2529 dum
1386 2517 1428 2520 —
1444 2500 1516 2529 erat
1540 2498 1641 2538 21‚7,
1664 2500 1690 2529 1.

1025 2563 1068 2567 -
1093 2543 1152 2575 sed
1175 2545 1251 2586 imp.
1279 2548 1354 2582 etc„
1381 2543 1447 2583 vgl.
1471 2543 1501 2580 5,
1520 2543 1572 2582 20,
1591 2543 1628 2579 4;
1654 2541 1690 2573 L.

1026 2589 1132 2620 selbst
1147 2589 1205 2620 hat
1222 2588 1397 2619 mehrmals
1415 2587 1593 2626 bern-hm,
1615 2587 1691 2618 dass

1025 2634 1076 2666 die
1091 2634 1248 2666 Soldaten
1262 2643 1366 2673 gcgen
1383 2632 1475 2664 ihren
1494 2632 1622 2663 Willcn
1637 2631 1690 2663 die
