1763 2983
664 186 919 220 PERIOCHAE.
1413 187 1494 225 479

87 291 220 323 remissi
239 295 326 324 sunt.
352 290 471 323 Cineas
489 289 620 330 legatus
641 299 659 321 a
678 289 808 332 Pyrrho
827 291 867 321 ad
885 294 1035 321 senatum
1052 290 1174 321 missus
1193 289 1302 331 petiit,
1321 293 1357 320 ut
1376 299 1496 331 conpo—

88 337 210 368 nendae
228 334 317 379 pacis
337 346 435 368 causa
454 344 513 367 rex
532 336 565 367 in
582 336 697 367 urbem
715 336 934 378 reciperetur,
973 336 1012 367 de
1041 346 1102 377 qua
1132 345 1169 366 re
1197 345 1268 367 cum
1286 335 1326 366 ad
1345 333 1497 377 frequen-

86 383 204 414 tiorem
225 386 374 414 senatum
392 379 515 413 referri
534 381 732 422 placuisset,
756 381 881 423 Appius
900 381 1070 421 Claudius,
1098 380 1152 423 qui
1176 386 1311 423 propter
1326 380 1496 412 valetudi-

86 438 156 459 nem
176 428 346 459 oculorum
364 427 428 458 iam
445 426 500 457 diu
518 426 669 458 consiliis
694 425 839 468 publicis
858 437 893 458 se
909 426 1130 466 abstinuerat,
1154 427 1249 459 venit.
1267 427 1300 457 in
1319 426 1445 458 curiam
1463 431 1496 457 et

86 474 250 505 sententia
275 484 333 505 sua
362 473 481 511 tenuit,
509 477 547 504 ut
576 472 607 503 id
627 472 758 514 Pyrrho
788 477 977 513 negaretur.
1027 473 1084 504 Cn.
1104 472 1268 504 Domitius
1293 482 1412 504 censor
1429 472 1495 513 pri-

85 540 155 562 mus
179 540 218 561 ex
246 530 338 572 plebe
368 530 510 561 lustrum
540 529 709 561 condidit:
728 540 826 561 censa
846 533 923 561 sunt
941 530 1065 561 civium
1091 531 1200 572 capita
1230 529 1478 561 CCLXXXWI

87 574 248 607 CCXXII.
275 575 395 606 iterum
413 575 575 607 adversus
593 575 758 616 Pyrrhum
775 575 875 606 dubio
894 579 1014 608 eventu
1032 580 1210 616 pugnatum
1229 581 1289 607 θεῖ,
1323 586 1395 608 eum
1413 576 1496 607 Car—

84 620 346 661 thaginiensibus
374 625 493 663 quarto
521 619 637 651 foedus
662 625 856 652 renovatum
882 626 944 653 est.
983 632 1055 652 cum
1073 623 1107 652 C.
1126 621 1284 653 Fabricio
1304 622 1435 654 consuli
1454 621 1495 661 is,

83 665 136 708 qui
153 666 192 697 ad
211 676 281 697 eum
300 676 318 697 a
336 666 467 708 Pyrrho
492 665 731 707 transfugerat,
758 666 979 708 polliceretur
996 676 1158 698 venenum
1185 678 1220 698 se
1237 668 1309 707 regi
1328 668 1494 706 daturum,

83 721 153 742 cum
172 711 297 743 indicio
316 712 355 743 ad
374 721 484 752 regem
502 712 664 743 remissus
683 716 744 743 est.
776 722 829 743 res
850 717 1025 754 praeterea
1042 717 1160 744 eontra
1177 712 1330 745 Lucanos
1348 718 1382 744 et
1400 713 1495 744 Brut-

83 756 163 797 tios,
179 756 345 789 Samnites
363 761 396 789 et
414 757 576 790 Etruscos
593 767 752 800 prospere
770 761 882 799 gestas
901 758 1058 791 continet.

629 909 701 942 EX
723 910 812 943 LIB.
830 909 938 944 XIV.

171 979 322 1022 Pyrrhus
341 979 374 1011 in
393 979 546 1011 Siciliam
556 980 703 1012 traiecit.
732 990 802 1011 cum
818 980 907 1012 inter
925 980 992 1011 alia
1011 978 1164 1021 prodigia
1182 976 1320 1011 fulmine
1330 980 1494 1011 deiectum

83 1030 171 1057 esset
189 1026 222 1056 in
241 1025 407 1068 Capitolio
425 1024 515 1057 Iovis
541 1025 681 1066 signum,
712 1031 809 1067 caput
838 1026 909 1057 eius
939 1036 997 1068 per
1025 1025 1220 1067 haruspices
1246 1025 1415 1057 inventum
1434 1031 1494 1057 est.

83 1070 204 1102 Curius
224 1071 383 1103 Dentatus
403 1081 473 1103 cnm
492 1070 651 1103 dilectum
669 1071 816 1110 haberet,
836 1071 916 1110 eius,
949 1071 1004 1113 qui
1019 1070 1142 1102 citatus
1172 1081 1235 1102 non
1267 1072 1494 1113 responderat.

83 1116 165 1147 bona
186 1116 309 1158 primus
328 1116 495 1154 vendidit3
527 1116 605 1148 item
624 1116 788 1159 Pyrrhum
817 1126 857 1147 ex
877 1116 991 1148 Sicilia
1017 1116 1048 1147 in
1066 1115 1195 1147 Italiam
1222 1126 1394 1148 reversum
1412 1116 1497 1148 vicit

83 1166 115 1193 et
133 1161 230 1194 ltalia
257 1162 396 1204 expulit.
431 1161 608 1194 Fabricius
626 1172 745 1194 censor
770 1162 805 1193 P.
825 1161 1016 1193 Cornelium
1034 1161 1185 1193 Rufinum
1211 1163 1419 1194 consularem
1445 1172 1497 1194 se-

83 1213 162 1239 natu
176 1208 291 1247 movit,
309 1208 393 1250 quod
408 1207 437 1239 is
451 1207 485 1238 X
502 1208 632 1248 argenti
651 1208 758 1250 pondo
776 1206 858 1239 facti
876 1208 1022 1240 haberet.
1041 1208 1150 1239 lustro
1168 1217 1187 1238 a
1205 1208 1400 1240 censoribus
1419 1219 1496 1239 con-

84 1264 153 1296 dito
173 1275 269 1297 censa
289 1270 366 1297 sunt
383 1264 493 1307 capita
511 1265 633 1297 civium
665 1264 829 1297 CCLXXI
863 1264 1094 1297 CCXXXIIII.
1131 1274 1201 1295 cum
1220 1264 1409 1297 Ptolemaeo
1432 1265 1496 1296 Ac—

84 1310 179 1352 gypti
199 1320 275 1351 rege
293 1310 438 1342 societas
456 1310 569 1342 iuncta
588 1315 648 1342 est.
678 1311 820 1342 Sextilia
834 1311 932 1352 virgo
942 1311 1091 1343 Vestalis
1106 1310 1257 1342 damnata
1277 1311 1399 1343 incesti
1418 1311 1495 1343 viva

84 1355 215 1387 defossa
235 1361 297 1388 est.
336 1356 489 1388 coloniae
507 1357 668 1388 deductae
693 1361 770 1388 sunt
787 1356 966 1388 Posidonia
985 1361 1017 1388 et
1035 1357 1130 1388 Cosa.
1170 1356 1496 1397 Carthaginiensium

85 1401 204 1433 classis
222 1401 352 1433 auxilio
371 1401 565 1433 Tarentinis
582 1401 686 1442 venit,
713 1412 774 1444 quo
794 1400 881 1434 sacto
900 1402 940 1433 ab
958 1401 1010 1433 his
1029 1400 1144 1434 foedus
1162 1402 1324 1433 violatum
1343 1407 1402 1434 est.
1443 1412 1497 1433 res

85 1451 256 1488 praeterea
276 1451 392 1479 contra
410 1446 561 1479 Lucanos
579 1452 613 1480 et
628 1448 779 1480 Bruttios
797 1452 831 1479 et
844 1447 1009 1479 Samnites
1026 1446 1175 1480 feliciter
1191 1452 1304 1488 gestas
1322 1451 1354 1479 et
1372 1447 1496 1490 Pyrrhi

89 1491 181 1532 regis
198 1497 336 1525 mortem
355 1493 515 1525 continet.

657 1645 727 1679 EX
755 1645 845 1679 LIB.
873 1646 955 1680 XV.

173 1713 284 1746 Victis
301 1713 495 1747 Tarentinis
512 1724 576 1758 pax
591 1719 624 1746 et
636 1715 778 1747 libertas
793 1716 868 1747 data
883 1719 944 1747 est.
969 1714 1058 1756 legio
1075 1715 1249 1758 Campana.
1268 1713 1495 1757 quaeRegium

87 1764 318 1802 occupaverat,
339 1760 473 1792 obsessa
489 1760 657 1792 deditione
674 1759 761 1792 sacta
777 1761 885 1792 securi
902 1771 1060 1803 percussa
1076 1765 1136 1793 est.
1164 1771 1235 1792 cuni
1249 1761 1379 1801 legatos
1393 1760 1496 1801 Apol-

87 1805 262 1836 loniatium
271 1806 310 1837 ad
321 1811 470 1838 senatum
487 1806 607 1837 missos
626 1806 756 1848 quidam
774 1806 910 1838 iuvenes
926 1807 1126 1848 pulsassent,
1144 1806 1246 1838 dediti
1266 1811 1343 1837 sunt
1357 1806 1496 1848 Apollo-

85 1851 244 1882 niatibus.
282 1851 474 1883 Picentibus
492 1851 596 1883 victis
621 1861 684 1893 pax
709 1852 785 1884 data
806 1857 866 1884 est.
907 1852 1059 1884 coloniae
1083 1852 1241 1884 deductae
1259 1852 1446 1883 Ariminum
1464 1851 1495 1881 in

83 1896 217 1936 Piceno,
237 1897 455 1928 Beneventum
473 1897 506 1928 in
525 1897 670 1929 Samnio.
694 1902 775 1929 tune.
793 1897 931 1939 primum
949 1899 1090 1940 populus
1105 1897 1270 1929 Romanus
1288 1902 1427 1937 argento
1445 1896 1495 1927 uti

90 1942 211 1983 coepit.
248 1941 361 1974 Umbri
380 1947 413 1974 et
429 1942 610 1974 Sallentini
631 1943 716 1974 victi
740 1943 773 1974 in
793 1944 994 1975 deditionem
1011 1944 1141 1986 accepti
1159 1948 1247 1975 sunt.
1284 1947 1497 1985 quaestorum

93 1997 247 2019 numerus
264 1988 443 2030 ampliatus
461 1993 523 2029 est,
540 1992 579 2020 ut
595 1994 708 2020 essent
725 1991 804 2020 oeto.

632 2139 700 2172 EX
724 2139 816 2173 LIB.
834 2139 940 2174 XVI.

175 2208 278 2249 Origo
298 2208 626 2250 Carthaginiensium
644 2216 677 2243 et
694 2211 879 2252 primordia
895 2211 990 2242 urbis
1009 2220 1121 2242 eorum
1140 2210 1345 2243 referuntur.
1378 2215 1493 2243 eontra

84 2264 163 2296 quos
182 2259 214 2286 et
228 2255 403 2295 Hieronem
422 2265 531 2295 regem
546 2255 834 2298 Syracusanorum
852 2256 1016 2288 auxilinm
1032 2257 1242 2289 Mamertinis
1256 2256 1425 2288 ferendum
1440 2266 1494 2287 se-

85 2306 180 2332 natus
200 2301 340 2343 censuit,
371 2311 442 2333 cum
467 2302 506 2333 de
523 2312 561 2333 ea
580 2312 615 2333 re
635 2303 724 2334 inter
742 2303 932 2344 suadentes,
961 2307 998 2334 ut
1025 2302 1056 2334 id
1075 2302 1181 2343 fieret,
1199 2303 1495 2344 dissuadentesque

85 2347 256 2378 contentio
274 2345 413 2386 fuissct;
444 2347 733 2390 transgressisque
752 2353 831 2380 tunc
848 2348 987 2390 primum
1007 2359 1097 2380 mare
1115 2348 1324 2380 exercitibus
1338 2347 1494 2379 Romanis

84 2391 243 2423 adversus
263 2392 438 2424 Hieronem
454 2393 586 2435 saepius
602 2393 685 2425 bene
702 2399 893 2436 pugnatum.
932 2394 1056 2436 petenti
1079 2404 1142 2436 pax
1167 2395 1243 2425 data
1261 2398 1322 2425 est.
1351 2394 1492 2424 lustrum

83 2458 100 2478 a
117 2448 311 2481 censoribus
326 2450 505 2481 conditum:
519 2461 616 2482 censa
630 2456 707 2483 sunt
715 2451 838 2483 civium
853 2451 958 2493 capita
990 2450 1232 2483 CCCLXXXII
1263 2449 1492 2482 CCXXXIIII.

86 2491 236 2526 Decimus
253 2493 366 2526 Iunius
378 2496 497 2528 Brutus
514 2507 631 2528 munus
649 2496 886 2537 gladiatorium
904 2497 937 2528 in
955 2498 1113 2529 honorem
1131 2496 1279 2527 defuncti
1298 2497 1405 2538 patris
1422 2496 1494 2537 pri-

87 2548 156 2570 mus
175 2539 290 2573 edidit.
328 2541 462 2573 colonia
478 2542 642 2574 Aesernia
660 2543 801 2574 deducta
819 2546 881 2574 est.
921 2552 975 2574 res
992 2548 1166 2585 praeterea
1183 2546 1299 2573 contra
1317 2542 1444 2573 Poenos
1461 2545 1495 2572 et

89 2584 107 2615 N
120 2585 260 2616 ulsinios
278 2597 436 2628 prospere
452 2592 564 2628 gestas
582 2588 744 2620 continet.
