1763 2983
109 198 133 215 a..
154 190 285 217 01].391.
614 186 738 220 LIBER
763 188 817 220 Vl.
856 187 947 220 CAP.
977 187 1028 220 24.
1470 189 1521 228 53
1571 216 1575 217 γ

108 291 240 332 aciem.
271 290 418 330 instant
438 290 564 330 Volsci
592 294 779 335 recentes,
809 290 874 341 qui
903 304 923 329 e
945 290 1080 330 castris
1111 291 1302 342 impetum
1330 291 1521 337 feee1·ant;
1551 301 1569 333 4

107 349 302 400 integrant
328 351 367 386 et
393 347 446 386 illi
476 359 656 399 pugnam,
687 347 752 398 qui
781 346 960 386 simulata
981 353 1176 386 cesserant
1203 348 1304 399 fuga.
1346 348 1423 386 iam
1445 360 1522 386 non

108 404 315 456 recipiebat
333 417 375 443 se
391 405 590 444 Romanus
607 403 730 451 miles,
754 403 820 442 sed
836 403 1031 442 inmemor
1047 405 1213 444 recentis
1235 405 1400 444 ferociae
1418 409 1523 443 vete-

108 462 236 513 risque
259 460 408 500 decoris
429 465 537 512 terga
563 460 707 512 passim
735 460 849 499 dabat
876 464 991 511 atque
1021 462 1144 500 effuso
1167 473 1285 501 cursu
1315 466 1437 500 castra
1459 474 1523 500 re-

106 518 272 570 petebat,
302 530 390 556 cum
413 517 592 557 Camillus
622 516 818 556 subiectus
845 516 892 556 ab
921 516 1260 557 circumstantibus
1297 518 1338 556 in
1374 530 1520 569 equum
1551 528 1569 557 5

106 579 145 615 et
165 574 305 626 raptim
329 574 507 613 subsidiis
531 573 737 626 oppositis:
761 574 882 620 „haec
902 577 987 612 est“
1010 573 1148 624 inquit,
1178 574 1361 621 „milites,
1390 587 1519 626 pugna

107 632 223 684 quam
251 628 516 682 poposcistis?
557 630 642 681 quis
671 631 804 677 homo,
835 629 920 681 quis
957 630 1051 669 deus
1081 634 1152 677 est,
1191 643 1308 681 quem
1337 644 1519 671 accusare

105 685 292 741 possitis?
332 692 455 726 vestra
482 687 543 727 illa
572 687 794 733 temeritas,
827 691 951 726 vestra
980 686 1126 738 ignavia
1152 686 1247 725 haec
1275 691 1345 725 est.
1398 688 1519 727 secuti
1549 697 1568 728 6

104 745 222 785 alium
243 744 381 784 ducem
402 744 610 795 sequimini
638 755 745 783 nunc
766 743 969 783 Camillum
990 748 1041 787 et,
1072 744 1177 795 quod
1200 744 1320 782 ductu
1342 756 1429 783 meo
1453 757 1518 782 so-

106 802 203 849 letis,
226 800 374 840 vincite.
411 801 503 853 quid
520 801 663 840 vallum
680 805 718 840 et
739 805 864 840 castra
883 799 1096 851 spectatis?
1133 800 1329 839 neminem
1347 805 1519 839 vestrum

104 859 166 898 illa
188 858 260 897 nisi
282 857 466 897 victorem
495 863 696 909 receptura
727 861 857 897 sunt.“
896 858 1023 909 pudor
1053 857 1177 908 primo
1204 856 1329 896 tenuit
1357 857 1522 904 effusos3
1553 866 1568 896 7

105 915 206 961 inde,
235 919 278 954 ut
306 914 515 966 circumagi
543 915 649 966 signa
679 915 904 966 obvertique
926 914 1047 954 aciem
1075 913 1254 952 viderunt
1285 913 1324 952 in
1354 914 1519 959 hostem,

104 977 143 1012 et
164 972 251 1017 dux,
274 975 547 1022 praeterquam
579 970 708 1023 [quod]
739 975 798 1010 tot
826 970 986 1022 insignis
1008 970 1229 1021 triumphis,
1261 970 1375 1009 etiam
1397 975 1522 1009 aetate

107 1027 344 1075 venerahilis,
367 1027 468 1066 inter
488 1028 613 1080 prima
634 1028 753 1079 signa,
782 1028 850 1067 ubi
878 1027 1071 1079 plurimus
1093 1028 1200 1066 labor
1229 1027 1523 1078 periculumque

109 1090 202 1133 erat,
223 1097 264 1124 se
286 1085 483 1131 offerebat,
506 1085 703 1135 increpare
724 1084 863 1135 singuli
883 1097 924 1124 se
948 1084 1109 1136 quisque
1132 1089 1169 1122 et
1189 1084 1296 1129 alios,
1320 1089 1358 1123 et
1379 1085 1523 1123 adhor-

109 1142 201 1182 tatio
224 1141 263 1179 in
283 1140 406 1180 vicem
426 1145 549 1180 totam
570 1140 685 1180 alacri
705 1140 872 1179 clamore
903 1141 1068 1191 pervasit
1099 1141 1232 1179 aciem.
1284 1153 1408 1191 neque
1430 1141 1526 1180 alter
1555 1149 1573 1179 ς

110 1199 287 1237 tribunus
304 1197 360 1235 rei
377 1197 510 1244 defuit,
527 1197 594 1236 sed
613 1197 753 1236 missus
771 1210 790 1235 a
809 1197 951 1247 collega
969 1197 1197 1236 restituente
1208 1197 1382 1248 peditum
1402 1197 1523 1236 aciem

110 1255 155 1294 ad
173 1253 333 1306 equites,
356 1265 435 1292 non
451 1254 683 1305 castigando,
707 1254 753 1292 ad
772 1266 889 1305 quam
905 1266 989 1292 rem
1011 1253 1192 1292 leviorem
1212 1258 1411 1293 auctorem
1433 1267 1523 1293 eum

111 1311 243 1362 culpae
271 1309 434 1349 societas
462 1311 616 1355 fecerat,
645 1310 711 1349 sed
740 1310 786 1349 ah
814 1310 979 1361 imperio
1011 1315 1116 1349 totus
1152 1311 1198 1349 ad
1227 1323 1361 1362 preces
1389 1323 1524 1349 versus

110 1379 218 1407 orare
233 1367 401 1418 singulos
418 1366 710 1418 universosque,
721 1371 764 1405 ut
780 1379 820 1405 se
837 1378 948 1406 reum
965 1366 1147 1406 fortunae
1164 1366 1246 1406 eius
1269 1367 1342 1406 diei
1365 1367 1525 1406 crimine

109 1424 341 1463 eximerent:
360 1423 578 1470 „abnuente
595 1436 638 1463 ac
648 1423 879 1475 prohibente
891 1423 1037 1474 collega
1049 1423 1258 1463 temeritati
1274 1436 1336 1462 me
1348 1425 1524 1463 omnium
1555 1432 1573 1462 9

109 1514 200 1555 talit3
226 1514 258 1546 in
283 1514 433 1555 gleicher
450 1514 551 1547 Form
575 1514 697 1546 konnte
722 1526 778 1547 sa-

107 1562 189 1605 ρίηα
205 1569 245 1601 v„
272 1560 301 1599 7,
319 1559 373 1599 24,
391 1561 422 1601 5,
446 1559 517 1591 sich
534 1560 777 1593 anschliessen:

108 1609 140 1638 et
157 1616 231 1638 cam
249 1608 335 1637 esset
351 1610 414 1637 etc.

154 1652 252 1684 4—5.
279 1652 337 1693 qai
351 1650 509 1682 simulata
526 1655 600 1692 etc.,
629 1650 656 1690 1,
678 1650 728 1691 14,
746 1651 777 1682 9.

111 1716 146 1720 υ
169 1707 231 1729 non
251 1697 364 1739 recip„
389 1697 447 1728 der
469 1696 650 1737 geordnete
669 1696 778 1729 Riick-

108 1753 179 1784 zug,
202 1741 348 1773 welcher
371 1742 475 1773 durch
491 1741 659 1773 inclinavit
674 1743 777 1774 aciem

109 1788 307 1829 augedeutet
339 1786 399 1827 ist,
433 1787 474 1818 im
509 1785 719 1828 Gegensatze
737 1798 778 1819 zu

109 1833 167 1865 der
185 1832 295 1864 vollen
318 1831 452 1864 Flueht:
479 1833 592 1873 effuso
604 1835 779 1876 —repele-

110 1880 171 1911 hat.
191 1896 235 1901 —
254 1879 454 1919 veterisque,
480 1877 532 1910 die
550 1877 647 1919 siege
665 1878 698 1910 in
716 1878 777 1910 den

108 1923 265 1956 friiheren
280 1921 423 1964 Piriegen
442 1923 502 1955 mit
520 1923 580 1955 den
596 1923 776 1956 Volskern.

108 1988 152 1992 —
176 1969 357 2009 subiectus,
388 1979 452 2000 von
477 1973 578 2000 unten
604 1967 778 2009 aufw'zirts,

108 2013 380 2056 hinaufgehoben,
396 2013 460 2045 wie
478 2013 511 2046 in
529 2024 680 2056 surgere,
698 2024 778 2046 sar-

108 2070 184 2092 sum
211 2074 255 2087 =
282 2060 498 2098 subversum3
537 2059 573 2090 31
590 2083 598 2099 ,
631 2060 689 2102 37,
724 2059 778 2091 10:

108 2104 421 2148 eques—pavidam
450 2114 567 2147 regem
595 2106 629 2136 ιἰι
657 2115 776 2147 equum

109 2151 261 2183 subiecit.
280 2169 321 2174 —-
340 2149 476 2192 subscri„
499 2150 563 2181 wie
581 2161 607 2181 c.
627 2150 680 2190 23,
703 2152 738 2183 11
755 2149 778 2182 f.

108 2214 152 2220 —-
166 2197 336 2239 oppositis,
353 2196 414 2228 den
429 2195 611 2227 ssiehenden
625 2195 778 2235 Romern,

109 2242 130 2284 ξ
145 2242 180 2273 6:
197 2243 585 2284 neminem-receptura
596 2244 690 2282 sunt3
710 2242 778 2282 vgl.

114 2288 163 2327 10,
181 2287 235 2327 36,
253 2288 283 2319 6.
301 2305 343 2310 --
369 2288 543 2319 temeritas
560 2297 590 2318 n.
611 2289 693 2328 erat,
711 2296 778 2318 we-

110 2343 171 2374 gen
188 2332 261 2372 illa,
280 2332 348 2373 vgl.
367 2332 421 2372 24,
436 2332 466 2372 4,
481 2333 511 2364 2.

157 2378 185 2409 7.
223 2379 411 2421 circumagi
431 2388 470 2417 s.,
494 2377 546 2409 die
564 2376 697 2409 Fahnen
715 2378 780 2410 und

109 2423 161 2455 die
174 2427 272 2455 unter
285 2422 463 2455 denselben
478 2422 658 2455 stehenden
671 2421 780 2466 Trup-

113 2479 174 2511 pen
191 2469 402 2510 umwenden,
432 2470 481 2510 10,
501 2468 554 2509 36,
573 2468 603 2507 9,
636 2468 703 2510 vgl.
728 2469 780 2510 22,

112 2514 153 2546 29
173 2513 212 2553 f.;
240 2513 333 2546 Curt.
361 2514 392 2554 4,
411 2514 464 2555 50,
483 2514 541 2546 32:
567 2515 600 2545 in
623 2515 782 2556 frontem

110 2560 306 2601 circumagi.
321 2577 365 2582 —
382 2560 516 2601 obverti,
531 2569 556 2591 S.
572 2570 600 2591 c.
616 2561 646 2599 7,
661 2559 679 2591 3
694 2570 725 2591 u.
739 2570 780 2599 a.,

112 2615 174 2637 vor
190 2604 228 2637 L.
245 2604 278 2636 in
293 2604 394 2637 Prosa
410 2605 521 2646 wenig
537 2605 775 2646 gebracht.—

853 1515 955 1557 qaod,
981 1514 1026 1546 ist
1043 1515 1321 1547 wahrscheinlich
1339 1515 1396 1546 mit
1415 1515 1526 1547 Duker

853 1572 892 1592 zu
910 1559 1094 1600 entfernen,
1113 1561 1153 1592 da
1170 1563 1243 1592 erat
1259 1560 1351 1592 nicht
1368 1561 1455 1592 wohl
1474 1571 1526 1593 er-

852 1605 952 1647 g'anzt
984 1606 1119 1637 werden
1152 1605 1254 1645 kann,
1285 1608 1524 1649 praeterquam

852 1651 937 1692 quod
958 1651 1038 1683 aber
1061 1655 1154 1683 sonst
1178 1651 1269 1683 nicht
1293 1651 1356 1683 wie
1380 1652 1437 1682 das
1457 1652 1526 1683 ein-

852 1696 945 1729 fache
967 1700 1220 1740 praeterquam,
1247 1707 1272 1728 s.
1296 1697 1326 1735 4,
1348 1696 1397 1735 17,
1415 1698 1453 1733 6ς
1482 1697 1523 1728 ih.

852 1743 905 1782 48,
924 1744 959 1782 33
981 1743 1033 1781 22,
1052 1742 1106 1782 53,
1125 1744 1160 1781 53
1185 1742 1239 1782 30,
1253 1743 1285 1781 6,
1303 1742 1323 1772 4
1341 1753 1370 1773 u.
1389 1752 1417 1773 a.
1443 1742 1525 1773 ohne

853 1788 998 1820 Verbum
1029 1788 1213 1828 gebraucht
1244 1787 1347 1825 wird3
1381 1788 1526 1829 insignis

852 1833 959 1865 sowol
984 1833 1034 1864 als
1061 1832 1255 1865 venerabilis
1278 1832 1416 1864 wiirden
1440 1833 1524 1863 (lanu

851 1877 1024 1910 Attribute
1043 1889 1106 1910 von
1125 1878 1198 1910 a’ecoe
1215 1878 1299 1916 sein,
1325 1877 1427 1908 durch
1445 1878 1526 1909 wel-

852 1924 910 1955 che
933 1925 1101 1965 offerebat
1124 1928 1195 1955 erst
1221 1923 1405 1955 bedeuteud
1433 1923 1524 1954 wird.

852 1987 892 1992 —
909 1971 941 2000 ίη
957 1971 1071 2009 vicem,
1085 1969 1282 2008 attributiv3
1302 1969 1332 2009 3,
1348 1968 1400 2010 71,
1417 1969 1453 2006 23
1473 1968 1525 2005 41,

851 2014 882 2054 3,
901 2016 935 2046 3:
961 2014 1059 2047 caede
1075 2016 1215 2046 invicem
1239 2012 1385 2045 militnm
1407 2016 1527 2045 nanta-

851 2070 1008 2102 rzmzqzae,
1027 2060 1094 2100 vgl.
1115 2060 1144 2101 7,
1164 2060 1193 2099 8,
1211 2060 1247 2090 3:
1264 2060 1354 2091 inter
1370 2070 1415 2090 se.

898 2105 996 2137 8—9.
1024 2104 1223 2147 castigando
1250 2104 1334 2136 lasst
1357 2105 1406 2136 ein
1427 2105 1524 2136 ande-

852 2160 906 2182 res
941 2150 1098 2183 Pr'zidicat
1132 2151 1183 2182 als
1214 2159 1313 2182 orare
1344 2155 1524 2187 erwarten,

851 2196 995 2228 welches
1028 2198 1128 2237 (etwa
1153 2197 1309 2237 incitare,
1344 2195 1524 2238 impellere)

851 2242 1022 2273 entweder
1059 2252 1099 2272 zu
1133 2241 1316 2282 ergiinzen,
1359 2242 1439 2272 oder
1471 2240 1523 2272 ein

851 2286 1038 2319 Anacoluth
1065 2287 1286 2318 anzunehmen
1313 2285 1369 2326 ist,
1398 2286 1466 2327 vgl.
1494 2286 1525 2323 3,

856 2333 906 2373 12,
925 2333 960 2373 83
988 2331 1091 2372 8,11,
1108 2333 1145 2373 63
1172 2332 1225 2370 40,
1245 2332 1298 2372 54,
1316 2331 1345 2363 8.
1371 2349 1413 2354 —-
1439 2333 1526 2363 totus

854 2389 892 2420 v.,
911 2378 964 2417 25,
986 2377 1034 2416 16,
1056 2377 1107 2409 19.
1121 2395 1164 2400 -
1182 2377 1345 2416 leviorem,
1360 2378 1389 2415 5,
1409 2378 1456 2415 15,
1476 2376 1524 2407 12.

854 2424 1074 2466 —sortzmae
1095 2434 1123 2454 e.
1142 2421 1185 2463 d.,
1209 2423 1269 2454 ‹ler
1292 2421 1524 2463 ungliickliche

854 2468 1013 2510 Ausgang
1036 2469 1094 2499 des
1118 2468 1385 2507 Sehlachttages,
1408 2467 1522 2507 geho'rt

855 2514 961 2546 sowol
986 2524 1026 2545 zu
1049 2524 1162 2553 ream,
1187 2514 1247 2545 der
1270 2512 1367 2544 dafiir
1391 2514 1524 2542 verant-

855 2559 1014 2591 wortlich
1031 2559 1090 2599 sei,
1114 2559 1165 2590 als
1184 2569 1224 2591 zu
1241 2559 1390 2590 criym'nc.
1409 2574 1451 2578 -
1476 2558 1524 2586 te-

853 2605 1014 2645 meritati,
1030 2615 1055 2636 s.
1072 2605 1101 2644 3,
1118 2605 1170 2643 50,
1186 2602 1203 2633 3
1221 2613 1249 2634 u.
1265 2613 1307 2642 a.,
1325 2601 1407 2633 doch
1421 2600 1524 2631 haben
