<?xml version="1.0" encoding="UTF-8"?>
<!DOCTYPE html PUBLIC "-//W3C//DTD XHTML 1.0 Transitional//EN"
    "http://www.w3.org/TR/xhtml1/DTD/xhtml1-transitional.dtd">
<html xmlns="http://www.w3.org/1999/xhtml" xml:lang="en" lang="en">
 <head>
  <title>
</title>
<meta http-equiv="Content-Type" content="text/html;charset=utf-8" />
  <meta name='ocr-system' content='tesseract 3.04.00' />
  <meta name='ocr-capabilities' content='ocr_page ocr_carea ocr_par ocr_line ocrx_word'/>
</head>
<body>
  <div class='ocr_page' id='page_1' title='image "./aburbeconditalib0304livyuoft_0501.png"; bbox 0 0 1763 2983; ppageno 0'>
   <div class='ocr_carea' id='block_1_1' title="bbox 86 173 1506 954">
    <p class='ocr_par' dir='ltr' id='par_1_1' title="bbox 86 173 1506 954">
     <span class='ocr_line' id='line_1_1' title="bbox 90 173 1498 214; baseline -0.003 -6"><span class='ocrx_word' id='word_1_1' title='bbox 90 181 116 202; x_wconf 79' lang='lat' dir='ltr'>a.</span> <span class='ocrx_word' id='word_1_2' title='bbox 139 173 194 202; x_wconf 82' lang='lat' dir='ltr'>Ch-</span> <span class='ocrx_word' id='word_1_3' title='bbox 214 173 274 201; x_wconf 62' lang='lat'>202.</span> <span class='ocrx_word' id='word_1_4' title='bbox 581 173 707 207; x_wconf 74' lang='lat' dir='ltr'>LIBER</span> <span class='ocrx_word' id='word_1_5' title='bbox 733 174 778 206; x_wconf 77' lang='lat' dir='ltr'>X.</span> <span class='ocrx_word' id='word_1_6' title='bbox 831 174 924 208; x_wconf 79' lang='lat' dir='ltr'><strong>CAP.</strong></span> <span class='ocrx_word' id='word_1_7' title='bbox 951 175 1004 206; x_wconf 83' lang='lat'>45.</span> <span class='ocrx_word' id='word_1_8' title='bbox 1418 174 1498 214; x_wconf 72' lang='lat'>459</span> 
     </span>
     <span class='ocr_line' id='line_1_2' title="bbox 89 276 1500 329; baseline -0.003 -11"><span class='ocrx_word' id='word_1_9' title='bbox 89 278 227 318; x_wconf 86' lang='lat' dir='ltr'>studiis</span> <span class='ocrx_word' id='word_1_10' title='bbox 258 278 493 318; x_wconf 82' lang='lat' dir='ltr'>celebratum</span> <span class='ocrx_word' id='word_1_11' title='bbox 525 281 595 315; x_wconf 82' lang='lat' dir='ltr'>est.</span> <span class='ocrx_word' id='word_1_12' title='bbox 637 288 709 319; x_wconf 83' lang='lat' dir='ltr'>nec</span> <span class='ocrx_word' id='word_1_13' title='bbox 739 278 881 328; x_wconf 90' lang='lat' dir='ltr'>populo</span> <span class='ocrx_word' id='word_1_14' title='bbox 905 277 1082 315; x_wconf 86' lang='lat' dir='ltr'>Romano</span> <span class='ocrx_word' id='word_1_15' title='bbox 1113 289 1250 329; x_wconf 82' lang='lat' dir='ltr'>magna</span> <span class='ocrx_word' id='word_1_16' title='bbox 1280 277 1407 316; x_wconf 89' lang='lat' dir='ltr'>solum</span> <span class='ocrx_word' id='word_1_17' title='bbox 1431 276 1500 315; x_wconf 86' lang='lat' dir='ltr'>sed</span> 
     </span>
     <span class='ocr_line' id='line_1_3' title="bbox 86 333 1501 388; baseline -0.002 -14"><span class='ocrx_word' id='word_1_18' title='bbox 86 341 379 388; x_wconf 87' lang='lat' dir='ltr'>peropportuna</span> <span class='ocrx_word' id='word_1_19' title='bbox 401 333 515 372; x_wconf 90' lang='lat' dir='ltr'>etiam</span> <span class='ocrx_word' id='word_1_20' title='bbox 538 346 580 372; x_wconf 88' lang='lat' dir='ltr'>ea</span> <span class='ocrx_word' id='word_1_21' title='bbox 604 333 762 373; x_wconf 86' lang='lat' dir='ltr'>victoria</span> <span class='ocrx_word' id='word_1_22' title='bbox 784 334 868 380; x_wconf 88' lang='lat' dir='ltr'>fuit,</span> <span class='ocrx_word' id='word_1_23' title='bbox 892 334 980 385; x_wconf 84' lang='lat' dir='ltr'>quia</span> <span class='ocrx_word' id='word_1_24' title='bbox 1000 347 1069 385; x_wconf 87' lang='lat' dir='ltr'>per</span> <span class='ocrx_word' id='word_1_25' title='bbox 1091 334 1193 373; x_wconf 87' lang='lat' dir='ltr'>idem</span> <span class='ocrx_word' id='word_1_26' title='bbox 1221 333 1324 372; x_wconf 83' lang='lat' dir='ltr'>forte</span> <span class='ocrx_word' id='word_1_27' title='bbox 1345 339 1501 385; x_wconf 87' lang='lat' dir='ltr'>tempus</span> 
     </span>
     <span class='ocr_line' id='line_1_4' title="bbox 86 390 1500 442; baseline -0.001 -11"><span class='ocrx_word' id='word_1_28' title='bbox 86 393 295 432; x_wconf 75' lang='lat' dir='ltr'>rebellasse</span> <span class='ocrx_word' id='word_1_29' title='bbox 312 392 497 430; x_wconf 81' lang='lat' dir='ltr'>Etruscos</span> <span class='ocrx_word' id='word_1_30' title='bbox 520 390 689 429; x_wconf 87' lang='lat' dir='ltr'>adlatum</span> <span class='ocrx_word' id='word_1_31' title='bbox 712 395 781 430; x_wconf 85' lang='lat' dir='ltr'>est.</span> <span class='ocrx_word' id='word_1_32' title='bbox 819 391 976 429; x_wconf 81' lang='lat' dir='ltr'>subibat</span> <span class='ocrx_word' id='word_1_33' title='bbox 994 391 1176 442; x_wconf 78' lang='lat' dir='ltr'>cogitatio</span> <span class='ocrx_word' id='word_1_34' title='bbox 1193 391 1382 437; x_wconf 88' lang='lat' dir='ltr'>animum,</span> <span class='ocrx_word' id='word_1_35' title='bbox 1402 403 1500 442; x_wconf 85' lang='lat' dir='ltr'>quo-</span> 
     </span>
     <span class='ocr_line' id='line_1_5' title="bbox 88 446 1502 499; baseline -0.002 -11"><span class='ocrx_word' id='word_1_36' title='bbox 88 462 177 488; x_wconf 87' lang='lat' dir='ltr'>nam</span> <span class='ocrx_word' id='word_1_37' title='bbox 210 449 326 488; x_wconf 88' lang='lat' dir='ltr'>modo</span> <span class='ocrx_word' id='word_1_38' title='bbox 348 447 557 487; x_wconf 85' lang='lat' dir='ltr'>tolerabilis</span> <span class='ocrx_word' id='word_1_39' title='bbox 583 448 716 485; x_wconf 87' lang='lat' dir='ltr'>futura</span> <span class='ocrx_word' id='word_1_40' title='bbox 738 447 893 486; x_wconf 87' lang='lat' dir='ltr'>Etruria</span> <span class='ocrx_word' id='word_1_41' title='bbox 922 448 1072 494; x_wconf 86' lang='lat' dir='ltr'>fuisset,</span> <span class='ocrx_word' id='word_1_42' title='bbox 1101 448 1133 486; x_wconf 94' lang='lat' dir='ltr'>si</span> <span class='ocrx_word' id='word_1_43' title='bbox 1164 447 1256 499; x_wconf 84' lang='lat' dir='ltr'>quid</span> <span class='ocrx_word' id='word_1_44' title='bbox 1278 448 1317 486; x_wconf 90' lang='lat' dir='ltr'>in</span> <span class='ocrx_word' id='word_1_45' title='bbox 1340 446 1502 487; x_wconf 87' lang='lat' dir='ltr'>Samnio</span> 
     </span>
     <span class='ocr_line' id='line_1_6' title="bbox 88 504 1503 556; baseline -0.002 -11"><span class='ocrx_word' id='word_1_46' title='bbox 88 506 238 545; x_wconf 88' lang='lat' dir='ltr'>adversi</span> <span class='ocrx_word' id='word_1_47' title='bbox 256 505 459 550; x_wconf 90' lang='lat' dir='ltr'>evenisset,</span> <span class='ocrx_word' id='word_1_48' title='bbox 488 516 587 555; x_wconf 86' lang='lat' dir='ltr'>quae</span> <span class='ocrx_word' id='word_1_49' title='bbox 606 504 876 543; x_wconf 89' lang='lat' dir='ltr'>coniuratione</span> <span class='ocrx_word' id='word_1_50' title='bbox 895 504 1131 543; x_wconf 80' lang='lat' dir='ltr'>Samnitium</span> <span class='ocrx_word' id='word_1_51' title='bbox 1150 509 1292 551; x_wconf 85' lang='lat' dir='ltr'>erecta,</span> <span class='ocrx_word' id='word_1_52' title='bbox 1316 504 1503 556; x_wconf 85' lang='lat' dir='ltr'>quoniam</span> 
     </span>
     <span class='ocr_line' id='line_1_7' title="bbox 87 561 1502 612; baseline -0.001 -10"><span class='ocrx_word' id='word_1_53' title='bbox 87 563 202 602; x_wconf 87' lang='lat' dir='ltr'>ambo</span> <span class='ocrx_word' id='word_1_54' title='bbox 225 562 403 601; x_wconf 90' lang='lat' dir='ltr'>consules</span> <span class='ocrx_word' id='word_1_55' title='bbox 433 561 638 612; x_wconf 87' lang='lat' dir='ltr'>omnisque</span> <span class='ocrx_word' id='word_1_56' title='bbox 662 561 835 600; x_wconf 85' lang='lat' dir='ltr'>Romana</span> <span class='ocrx_word' id='word_1_57' title='bbox 858 561 912 599; x_wconf 90' lang='lat' dir='ltr'>vis</span> <span class='ocrx_word' id='word_1_58' title='bbox 935 573 1068 599; x_wconf 89' lang='lat' dir='ltr'>aversa</span> <span class='ocrx_word' id='word_1_59' title='bbox 1090 561 1130 599; x_wconf 92' lang='lat' dir='ltr'>in</span> <span class='ocrx_word' id='word_1_60' title='bbox 1153 561 1357 600; x_wconf 85' lang='lat' dir='ltr'>Samnium</span> <span class='ocrx_word' id='word_1_61' title='bbox 1386 565 1502 606; x_wconf 84' lang='lat' dir='ltr'>esset,</span> 
     </span>
     <span class='ocr_line' id='line_1_8' title="bbox 89 617 1502 670; baseline -0.002 -12"><span class='ocrx_word' id='word_1_62' title='bbox 89 619 385 670; x_wconf 75' lang='lat' dir='ltr'>occupationem</span> <span class='ocrx_word' id='word_1_63' title='bbox 407 617 538 669; x_wconf 91' lang='lat' dir='ltr'>populi</span> <span class='ocrx_word' id='word_1_64' title='bbox 560 617 727 656; x_wconf 89' lang='lat' dir='ltr'>Romani</span> <span class='ocrx_word' id='word_1_65' title='bbox 748 630 818 669; x_wconf 89' lang='lat' dir='ltr'>pro</span> <span class='ocrx_word' id='word_1_66' title='bbox 837 618 1040 656; x_wconf 78' lang='lat' dir='ltr'>occasione</span> <span class='ocrx_word' id='word_1_67' title='bbox 1058 617 1270 657; x_wconf 84' lang='lat' dir='ltr'>rebellandi</span> <span class='ocrx_word' id='word_1_68' title='bbox 1286 617 1502 657; x_wconf 77' lang='lat' dir='ltr'>habuisset.</span> 
     </span>
     <span class='ocr_line' id='line_1_9' title="bbox 87 674 1504 727; baseline -0.001 -12"><span class='ocrx_word' id='word_1_69' title='bbox 87 676 297 727; x_wconf 79' lang='lat' dir='ltr'>legationes</span> <span class='ocrx_word' id='word_1_70' title='bbox 319 675 527 719; x_wconf 82' lang='lat' dir='ltr'>sociorum,</span> <span class='ocrx_word' id='word_1_71' title='bbox 550 687 570 712; x_wconf 87' lang='lat' dir='ltr'>a</span> <span class='ocrx_word' id='word_1_72' title='bbox 587 674 635 713; x_wconf 88' lang='lat' dir='ltr'>M.</span> <span class='ocrx_word' id='word_1_73' title='bbox 654 674 768 713; x_wconf 89' lang='lat' dir='ltr'>Atilio</span> <span class='ocrx_word' id='word_1_74' title='bbox 790 680 971 726; x_wconf 78' lang='lat' dir='ltr'>praetore</span> <span class='ocrx_word' id='word_1_75' title='bbox 991 674 1029 712; x_wconf 89' lang='lat' dir='ltr'>in</span> <span class='ocrx_word' id='word_1_76' title='bbox 1048 679 1228 713; x_wconf 86' lang='lat' dir='ltr'>senatum</span> <span class='ocrx_word' id='word_1_77' title='bbox 1246 674 1504 721; x_wconf 81' lang='lat' dir='ltr'>introductae,</span> 
     </span>
     <span class='ocr_line' id='line_1_10' title="bbox 87 730 1506 784; baseline -0.001 -13"><span class='ocrx_word' id='word_1_78' title='bbox 87 733 351 784; x_wconf 76' lang='lat' dir='ltr'>querebantur</span> <span class='ocrx_word' id='word_1_79' title='bbox 371 731 433 771; x_wconf 89' lang='lat' dir='ltr'>uri</span> <span class='ocrx_word' id='word_1_80' title='bbox 448 744 491 771; x_wconf 90' lang='lat' dir='ltr'>ac</span> <span class='ocrx_word' id='word_1_81' title='bbox 507 731 645 770; x_wconf 86' lang='lat' dir='ltr'>vastari</span> <span class='ocrx_word' id='word_1_82' title='bbox 663 743 773 781; x_wconf 82' lang='lat' dir='ltr'>agros</span> <span class='ocrx_word' id='word_1_83' title='bbox 797 744 817 769; x_wconf 88' lang='lat' dir='ltr'>a</span> <span class='ocrx_word' id='word_1_84' title='bbox 844 731 1020 769; x_wconf 84' lang='lat' dir='ltr'>finitimis</span> <span class='ocrx_word' id='word_1_85' title='bbox 1042 731 1228 777; x_wconf 85' lang='lat' dir='ltr'>Etruscis,</span> <span class='ocrx_word' id='word_1_86' title='bbox 1251 732 1356 782; x_wconf 87' lang='lat' dir='ltr'>quod</span> <span class='ocrx_word' id='word_1_87' title='bbox 1378 730 1506 770; x_wconf 87' lang='lat' dir='ltr'>desci—</span> 
     </span>
     <span class='ocr_line' id='line_1_11' title="bbox 86 787 1506 843; baseline -0.002 -14"><span class='ocrx_word' id='word_1_88' title='bbox 86 802 193 829; x_wconf 88' lang='lat' dir='ltr'>scere</span> <span class='ocrx_word' id='word_1_89' title='bbox 211 803 230 828; x_wconf 89' lang='lat' dir='ltr'>a</span> <span class='ocrx_word' id='word_1_90' title='bbox 246 789 388 841; x_wconf 89' lang='lat' dir='ltr'>populo</span> <span class='ocrx_word' id='word_1_91' title='bbox 398 789 574 827; x_wconf 88' lang='lat' dir='ltr'>Romano</span> <span class='ocrx_word' id='word_1_92' title='bbox 594 788 758 843; x_wconf 74' lang='lat' dir='ltr'>nollent,</span> <span class='ocrx_word' id='word_1_93' title='bbox 773 787 1147 839; x_wconf 84' lang='lat' dir='ltr'>obtestabanturque</span> <span class='ocrx_word' id='word_1_94' title='bbox 1164 792 1292 838; x_wconf 86' lang='lat' dir='ltr'>patres</span> <span class='ocrx_word' id='word_1_95' title='bbox 1302 787 1506 839; x_wconf 87' lang='lat' dir='ltr'>conscrip-</span> 
     </span>
     <span class='ocr_line' id='line_1_12' title="bbox 87 844 1503 897; baseline -0.003 -11"><span class='ocrx_word' id='word_1_96' title='bbox 87 852 156 893; x_wconf 88' lang='lat' dir='ltr'>tos,</span> <span class='ocrx_word' id='word_1_97' title='bbox 201 852 244 885; x_wconf 90' lang='lat' dir='ltr'>ut</span> <span class='ocrx_word' id='word_1_98' title='bbox 271 859 311 885; x_wconf 91' lang='lat' dir='ltr'>se</span> <span class='ocrx_word' id='word_1_99' title='bbox 339 859 359 885; x_wconf 88' lang='lat' dir='ltr'>a</span> <span class='ocrx_word' id='word_1_100' title='bbox 391 845 426 884; x_wconf 89' lang='lat' dir='ltr'>vi</span> <span class='ocrx_word' id='word_1_101' title='bbox 455 849 572 897; x_wconf 83' lang='lat' dir='ltr'>atque</span> <span class='ocrx_word' id='word_1_102' title='bbox 594 844 730 884; x_wconf 85' lang='lat' dir='ltr'>iniuria</span> <span class='ocrx_word' id='word_1_103' title='bbox 763 844 1035 884; x_wconf 89' lang='lat' dir='ltr'>communium</span> <span class='ocrx_word' id='word_1_104' title='bbox 1065 844 1236 883; x_wconf 88' lang='lat' dir='ltr'>hostium</span> <span class='ocrx_word' id='word_1_105' title='bbox 1268 849 1503 884; x_wconf 82' lang='lat' dir='ltr'>tutarentur.</span> 
     </span>
     <span class='ocr_line' id='line_1_13' title="bbox 86 901 1504 954; baseline -0.001 -12"><span class='ocrx_word' id='word_1_106' title='bbox 86 915 322 954; x_wconf 88' lang='lat' dir='ltr'>responsum</span> <span class='ocrx_word' id='word_1_107' title='bbox 353 902 485 953; x_wconf 84' lang='lat' dir='ltr'>legatis</span> <span class='ocrx_word' id='word_1_108' title='bbox 516 914 628 941; x_wconf 87' lang='lat' dir='ltr'>curae</span> <span class='ocrx_word' id='word_1_109' title='bbox 656 902 808 941; x_wconf 88' lang='lat' dir='ltr'>senatui</span> <span class='ocrx_word' id='word_1_110' title='bbox 841 903 1029 948; x_wconf 87' lang='lat' dir='ltr'>futurum,</span> <span class='ocrx_word' id='word_1_111' title='bbox 1061 913 1111 940; x_wconf 90' lang='lat' dir='ltr'>ne</span> <span class='ocrx_word' id='word_1_112' title='bbox 1139 901 1264 940; x_wconf 88' lang='lat' dir='ltr'>socios</span> <span class='ocrx_word' id='word_1_113' title='bbox 1296 901 1384 940; x_wconf 87' lang='lat' dir='ltr'>fidei</span> <span class='ocrx_word' id='word_1_114' title='bbox 1411 913 1504 940; x_wconf 88' lang='lat' dir='ltr'>suae</span> 
     </span>
    </p>
   </div>
   <div class='ocr_carea' id='block_1_2' title="bbox 85 958 1502 1012">
    <p class='ocr_par' dir='ltr' id='par_1_2' title="bbox 85 958 1502 1012">
     <span class='ocr_line' id='line_1_14' title="bbox 85 958 1502 1012; baseline -0.002 -13"><span class='ocrx_word' id='word_1_115' title='bbox 85 960 320 1012; x_wconf 65' lang='lat' dir='ltr'>paeniteret,</span> <span class='ocrx_word' id='word_1_116' title='bbox 338 960 594 998; x_wconf 89' lang='lat' dir='ltr'>Etruscorum</span> <span class='ocrx_word' id='word_1_117' title='bbox 606 970 728 1010; x_wconf 86' lang='lat' dir='ltr'>prope</span> <span class='ocrx_word' id='word_1_118' title='bbox 741 959 845 998; x_wconf 85' lang='lat' dir='ltr'>diem</span> <span class='ocrx_word' id='word_1_119' title='bbox 857 959 1023 998; x_wconf 84' lang='lat' dir='ltr'>eandem</span> <span class='ocrx_word' id='word_1_120' title='bbox 1035 959 1238 998; x_wconf 85' lang='lat' dir='ltr'>fortunam</span> <span class='ocrx_word' id='word_1_121' title='bbox 1253 970 1371 1010; x_wconf 88' lang='lat' dir='ltr'>quam</span> <span class='ocrx_word' id='word_1_122' title='bbox 1386 958 1502 998; x_wconf 87' lang='lat' dir='ltr'>Sam-</span> 
     </span>
    </p>
   </div>
   <div class='ocr_carea' id='block_1_3' title="bbox 1534 682 1554 714">
    <p class='ocr_par' dir='ltr' id='par_1_3' title="bbox 1534 682 1554 714">
     <span class='ocr_line' id='line_1_15' title="bbox 1534 682 1554 714; baseline 0 0"><span class='ocrx_word' id='word_1_123' title='bbox 1534 682 1554 714; x_wconf 85' lang='lat'>4</span> 
     </span>
    </p>
   </div>
   <div class='ocr_carea' id='block_1_4' title="bbox 1534 797 1552 827">
    <p class='ocr_par' dir='ltr' id='par_1_4' title="bbox 1534 797 1552 827">
     <span class='ocr_line' id='line_1_16' title="bbox 1534 797 1552 827; baseline 0 0"><span class='ocrx_word' id='word_1_124' title='bbox 1534 797 1552 827; x_wconf 89' lang='lat'>5</span> 
     </span>
    </p>
   </div>
   <div class='ocr_carea' id='block_1_5' title="bbox 86 1015 1552 1068">
    <p class='ocr_par' dir='ltr' id='par_1_5' title="bbox 86 1015 1552 1068">
     <span class='ocr_line' id='line_1_17' title="bbox 86 1015 1552 1068; baseline 0.001 -12"><span class='ocrx_word' id='word_1_125' title='bbox 86 1016 228 1056; x_wconf 85' lang='lat' dir='ltr'>uitium</span> <span class='ocrx_word' id='word_1_126' title='bbox 264 1017 360 1056; x_wconf 85' lang='lat' dir='ltr'>fore.</span> <span class='ocrx_word' id='word_1_127' title='bbox 404 1016 562 1067; x_wconf 82' lang='lat' dir='ltr'>segnius</span> <span class='ocrx_word' id='word_1_128' title='bbox 598 1020 745 1062; x_wconf 86' lang='lat' dir='ltr'>tamen,</span> <span class='ocrx_word' id='word_1_129' title='bbox 776 1016 880 1068; x_wconf 86' lang='lat' dir='ltr'>quod</span> <span class='ocrx_word' id='word_1_130' title='bbox 900 1016 946 1055; x_wconf 89' lang='lat' dir='ltr'>ad</span> <span class='ocrx_word' id='word_1_131' title='bbox 964 1015 1159 1054; x_wconf 80' lang='lat' dir='ltr'>Etruriam</span> <span class='ocrx_word' id='word_1_132' title='bbox 1182 1015 1396 1062; x_wconf 83' lang='lat' dir='ltr'>adtinebat,</span> <span class='ocrx_word' id='word_1_133' title='bbox 1420 1020 1503 1055; x_wconf 86' lang='lat' dir='ltr'>acta</span> <span class='ocrx_word' id='word_1_134' title='bbox 1533 1025 1552 1057; x_wconf 82' lang='lat'><strong>6</strong></span> 
     </span>
    </p>
   </div>
   <div class='ocr_carea' id='block_1_6' title="bbox 84 1071 1511 1454">
    <p class='ocr_par' dir='ltr' id='par_1_6' title="bbox 84 1071 1511 1454">
     <span class='ocr_line' id='line_1_18' title="bbox 86 1071 1511 1124; baseline -0.001 -11"><span class='ocrx_word' id='word_1_135' title='bbox 86 1087 146 1114; x_wconf 89' lang='lat' dir='ltr'>res</span> <span class='ocrx_word' id='word_1_136' title='bbox 168 1078 282 1121; x_wconf 90' lang='lat' dir='ltr'>esset,</span> <span class='ocrx_word' id='word_1_137' title='bbox 315 1073 354 1112; x_wconf 90' lang='lat' dir='ltr'>ni</span> <span class='ocrx_word' id='word_1_138' title='bbox 375 1073 543 1112; x_wconf 87' lang='lat' dir='ltr'>Faliscos</span> <span class='ocrx_word' id='word_1_139' title='bbox 565 1085 737 1124; x_wconf 85' lang='lat' dir='ltr'>quoque,</span> <span class='ocrx_word' id='word_1_140' title='bbox 761 1073 827 1124; x_wconf 81' lang='lat' dir='ltr'>qui</span> <span class='ocrx_word' id='word_1_141' title='bbox 858 1085 928 1124; x_wconf 87' lang='lat' dir='ltr'>per</span> <span class='ocrx_word' id='word_1_142' title='bbox 957 1073 1102 1111; x_wconf 90' lang='lat' dir='ltr'>multos</span> <span class='ocrx_word' id='word_1_143' title='bbox 1132 1084 1258 1111; x_wconf 87' lang='lat' dir='ltr'>annos</span> <span class='ocrx_word' id='word_1_144' title='bbox 1281 1072 1321 1111; x_wconf 90' lang='lat' dir='ltr'>in</span> <span class='ocrx_word' id='word_1_145' title='bbox 1343 1071 1511 1112; x_wconf 84' lang='lat' dir='ltr'>amicitia</span> 
     </span>
     <span class='ocr_line' id='line_1_19' title="bbox 84 1129 1505 1181; baseline -0.001 -11"><span class='ocrx_word' id='word_1_146' title='bbox 84 1131 254 1175; x_wconf 83' lang='lat' dir='ltr'>fuerant,</span> <span class='ocrx_word' id='word_1_147' title='bbox 277 1131 448 1169; x_wconf 85' lang='lat' dir='ltr'>adlatum</span> <span class='ocrx_word' id='word_1_148' title='bbox 466 1130 569 1168; x_wconf 90' lang='lat' dir='ltr'>foret</span> <span class='ocrx_word' id='word_1_149' title='bbox 586 1142 691 1169; x_wconf 91' lang='lat' dir='ltr'>arma</span> <span class='ocrx_word' id='word_1_150' title='bbox 708 1129 885 1169; x_wconf 84' lang='lat' dir='ltr'>Etruscis</span> <span class='ocrx_word' id='word_1_151' title='bbox 908 1129 1094 1168; x_wconf 85' lang='lat' dir='ltr'>iunxisse.</span> <span class='ocrx_word' id='word_1_152' title='bbox 1136 1129 1253 1169; x_wconf 92' lang='lat' dir='ltr'>huius</span> <span class='ocrx_word' id='word_1_153' title='bbox 1271 1129 1505 1181; x_wconf 84' lang='lat' dir='ltr'>propinqui-</span> 
     </span>
     <span class='ocr_line' id='line_1_20' title="bbox 86 1185 1505 1239; baseline -0.002 -12"><span class='ocrx_word' id='word_1_154' title='bbox 86 1193 144 1227; x_wconf 93' lang='lat' dir='ltr'>tas</span> <span class='ocrx_word' id='word_1_155' title='bbox 165 1187 299 1239; x_wconf 90' lang='lat' dir='ltr'>populi</span> <span class='ocrx_word' id='word_1_156' title='bbox 322 1187 424 1226; x_wconf 84' lang='lat' dir='ltr'>acuit</span> <span class='ocrx_word' id='word_1_157' title='bbox 446 1199 580 1226; x_wconf 88' lang='lat' dir='ltr'>curam</span> <span class='ocrx_word' id='word_1_158' title='bbox 602 1186 793 1238; x_wconf 86' lang='lat' dir='ltr'>patribus,</span> <span class='ocrx_word' id='word_1_159' title='bbox 818 1192 860 1226; x_wconf 92' lang='lat' dir='ltr'>ut</span> <span class='ocrx_word' id='word_1_160' title='bbox 883 1187 1030 1225; x_wconf 69' lang='lat' dir='ltr'>fetiales</span> <span class='ocrx_word' id='word_1_161' title='bbox 1054 1186 1266 1225; x_wconf 87' lang='lat' dir='ltr'>mittendos</span> <span class='ocrx_word' id='word_1_162' title='bbox 1289 1185 1335 1225; x_wconf 88' lang='lat' dir='ltr'>ad</span> <span class='ocrx_word' id='word_1_163' title='bbox 1357 1197 1422 1224; x_wconf 87' lang='lat' dir='ltr'>res</span> <span class='ocrx_word' id='word_1_164' title='bbox 1440 1198 1505 1225; x_wconf 89' lang='lat' dir='ltr'>re-</span> 
     </span>
     <span class='ocr_line' id='line_1_21' title="bbox 87 1243 1503 1296; baseline 0 -14"><span class='ocrx_word' id='word_1_165' title='bbox 87 1245 274 1296; x_wconf 86' lang='lat' dir='ltr'>petendas</span> <span class='ocrx_word' id='word_1_166' title='bbox 297 1248 514 1283; x_wconf 87' lang='lat' dir='ltr'>censerent.</span> <span class='ocrx_word' id='word_1_167' title='bbox 557 1243 697 1295; x_wconf 88' lang='lat' dir='ltr'>quibus</span> <span class='ocrx_word' id='word_1_168' title='bbox 719 1255 799 1283; x_wconf 91' lang='lat' dir='ltr'>non</span> <span class='ocrx_word' id='word_1_169' title='bbox 817 1243 977 1282; x_wconf 86' lang='lat' dir='ltr'>redditis</span> <span class='ocrx_word' id='word_1_170' title='bbox 1007 1256 1053 1282; x_wconf 81' lang='lat' dir='ltr'>ex</span> <span class='ocrx_word' id='word_1_171' title='bbox 1083 1243 1316 1282; x_wconf 88' lang='lat' dir='ltr'>auctoritate</span> <span class='ocrx_word' id='word_1_172' title='bbox 1345 1247 1503 1294; x_wconf 89' lang='lat' dir='ltr'>patrum</span> 
     </span>
     <span class='ocr_line' id='line_1_22' title="bbox 86 1299 1503 1353; baseline -0.001 -13"><span class='ocrx_word' id='word_1_173' title='bbox 86 1302 196 1340; x_wconf 89' lang='lat' dir='ltr'>iussu</span> <span class='ocrx_word' id='word_1_174' title='bbox 217 1301 348 1353; x_wconf 89' lang='lat' dir='ltr'>populi</span> <span class='ocrx_word' id='word_1_175' title='bbox 369 1300 686 1353; x_wconf 63' lang='lat' dir='ltr'>belluanaliscis</span> <span class='ocrx_word' id='word_1_176' title='bbox 708 1300 900 1339; x_wconf 85' lang='lat' dir='ltr'>indictum</span> <span class='ocrx_word' id='word_1_177' title='bbox 924 1304 993 1346; x_wconf 87' lang='lat' dir='ltr'>est,</span> <span class='ocrx_word' id='word_1_178' title='bbox 1015 1299 1192 1351; x_wconf 84' lang='lat' dir='ltr'>iussique</span> <span class='ocrx_word' id='word_1_179' title='bbox 1214 1300 1396 1339; x_wconf 88' lang='lat' dir='ltr'>consules</span> <span class='ocrx_word' id='word_1_180' title='bbox 1413 1312 1503 1339; x_wconf 84' lang='lat' dir='ltr'>sor-</span> 
     </span>
     <span class='ocr_line' id='line_1_23' title="bbox 87 1356 1503 1403; baseline -0.001 -6"><span class='ocrx_word' id='word_1_181' title='bbox 87 1358 160 1403; x_wconf 84' lang='lat' dir='ltr'>tiri,</span> <span class='ocrx_word' id='word_1_182' title='bbox 180 1362 269 1397; x_wconf 90' lang='lat' dir='ltr'>uter</span> <span class='ocrx_word' id='word_1_183' title='bbox 285 1371 330 1396; x_wconf 81' lang='lat' dir='ltr'>ex</span> <span class='ocrx_word' id='word_1_184' title='bbox 349 1358 507 1396; x_wconf 88' lang='lat' dir='ltr'>Samnio</span> <span class='ocrx_word' id='word_1_185' title='bbox 526 1357 566 1396; x_wconf 90' lang='lat' dir='ltr'>in</span> <span class='ocrx_word' id='word_1_186' title='bbox 582 1357 780 1397; x_wconf 89' lang='lat' dir='ltr'>Etruriam</span> <span class='ocrx_word' id='word_1_187' title='bbox 799 1370 887 1396; x_wconf 90' lang='lat' dir='ltr'>cum</span> <span class='ocrx_word' id='word_1_188' title='bbox 906 1356 1079 1396; x_wconf 83' lang='lat' dir='ltr'>exercitu</span> <span class='ocrx_word' id='word_1_189' title='bbox 1095 1356 1289 1396; x_wconf 88' lang='lat' dir='ltr'>transiret.</span> <span class='ocrx_word' id='word_1_190' title='bbox 1320 1356 1398 1396; x_wconf 88' lang='lat' dir='ltr'>iam</span> <span class='ocrx_word' id='word_1_191' title='bbox 1410 1356 1503 1397; x_wconf 88' lang='lat' dir='ltr'>Car-</span> 
     </span>
     <span class='ocr_line' id='line_1_24' title="bbox 87 1413 1505 1454; baseline 0.001 -1"><span class='ocrx_word' id='word_1_192' title='bbox 87 1415 195 1453; x_wconf 82' lang='lat' dir='ltr'>vilius</span> <span class='ocrx_word' id='word_1_193' title='bbox 217 1414 364 1453; x_wconf 87' lang='lat' dir='ltr'>Veliam</span> <span class='ocrx_word' id='word_1_194' title='bbox 388 1420 425 1453; x_wconf 90' lang='lat' dir='ltr'>et</span> <span class='ocrx_word' id='word_1_195' title='bbox 446 1414 722 1453; x_wconf 90' lang='lat' dir='ltr'>Palumbinum</span> <span class='ocrx_word' id='word_1_196' title='bbox 746 1418 784 1453; x_wconf 92' lang='lat' dir='ltr'>et</span> <span class='ocrx_word' id='word_1_197' title='bbox 804 1414 1093 1453; x_wconf 84' lang='lat' dir='ltr'>Herculaneum</span> <span class='ocrx_word' id='word_1_198' title='bbox 1115 1427 1161 1452; x_wconf 87' lang='lat' dir='ltr'>ex</span> <span class='ocrx_word' id='word_1_199' title='bbox 1177 1413 1416 1453; x_wconf 88' lang='lat' dir='ltr'>Samnitibus</span> <span class='ocrx_word' id='word_1_200' title='bbox 1440 1427 1505 1454; x_wconf 87' lang='lat' dir='ltr'>ce-</span> 
     </span>
    </p>
   </div>
   <div class='ocr_carea' id='block_1_7' title="bbox 1534 1141 1553 1172">
    <p class='ocr_par' dir='ltr' id='par_1_7' title="bbox 1534 1141 1553 1172">
     <span class='ocr_line' id='line_1_25' title="bbox 1534 1141 1553 1172; baseline 0 0"><span class='ocrx_word' id='word_1_201' title='bbox 1534 1141 1553 1172; x_wconf 94' lang='lat'>7</span> 
     </span>
    </p>
   </div>
   <div class='ocr_carea' id='block_1_8' title="bbox 88 1469 1555 1522">
    <p class='ocr_par' dir='ltr' id='par_1_8' title="bbox 88 1469 1555 1522">
     <span class='ocr_line' id='line_1_26' title="bbox 88 1469 1555 1522; baseline 0.001 -13"><span class='ocrx_word' id='word_1_202' title='bbox 88 1477 206 1522; x_wconf 86' lang='lat' dir='ltr'>perat,</span> <span class='ocrx_word' id='word_1_203' title='bbox 226 1471 371 1510; x_wconf 75' lang='lat' dir='ltr'>Veliam</span> <span class='ocrx_word' id='word_1_204' title='bbox 390 1471 490 1510; x_wconf 89' lang='lat' dir='ltr'>intra</span> <span class='ocrx_word' id='word_1_205' title='bbox 507 1483 651 1522; x_wconf 88' lang='lat' dir='ltr'>paucos</span> <span class='ocrx_word' id='word_1_206' title='bbox 670 1471 765 1519; x_wconf 85' lang='lat' dir='ltr'>dies,</span> <span class='ocrx_word' id='word_1_207' title='bbox 785 1469 1062 1510; x_wconf 88' lang='lat' dir='ltr'>Palumbinum</span> <span class='ocrx_word' id='word_1_208' title='bbox 1080 1471 1231 1518; x_wconf 85' lang='lat' dir='ltr'>eodem,</span> <span class='ocrx_word' id='word_1_209' title='bbox 1256 1483 1334 1522; x_wconf 81' lang='lat' dir='ltr'>quo</span> <span class='ocrx_word' id='word_1_210' title='bbox 1351 1471 1399 1510; x_wconf 84' lang='lat' dir='ltr'>ad</span> <span class='ocrx_word' id='word_1_211' title='bbox 1416 1484 1507 1510; x_wconf 89' lang='lat' dir='ltr'>mu-</span> <span class='ocrx_word' id='word_1_212' title='bbox 1535 1484 1555 1515; x_wconf 82' lang='lat'>9</span> 
     </span>
    </p>
   </div>
   <div class='ocr_carea' id='block_1_9' title="bbox 85 1527 1507 1751">
    <p class='ocr_par' dir='ltr' id='par_1_9' title="bbox 85 1527 1507 1751">
     <span class='ocr_line' id='line_1_27' title="bbox 86 1527 1504 1579; baseline 0.001 -13"><span class='ocrx_word' id='word_1_213' title='bbox 86 1540 149 1567; x_wconf 87' lang='lat' dir='ltr'>ros</span> <span class='ocrx_word' id='word_1_214' title='bbox 167 1528 338 1568; x_wconf 84' lang='lat' dir='ltr'>accessit.</span> <span class='ocrx_word' id='word_1_215' title='bbox 369 1528 414 1567; x_wconf 87' lang='lat' dir='ltr'>ad</span> <span class='ocrx_word' id='word_1_216' title='bbox 427 1528 712 1568; x_wconf 83' lang='lat' dir='ltr'>Herculaneum</span> <span class='ocrx_word' id='word_1_217' title='bbox 732 1528 849 1567; x_wconf 83' lang='lat' dir='ltr'>etiam</span> <span class='ocrx_word' id='word_1_218' title='bbox 865 1527 986 1579; x_wconf 82' lang='lat' dir='ltr'>signis</span> <span class='ocrx_word' id='word_1_219' title='bbox 1005 1527 1166 1567; x_wconf 83' lang='lat' dir='ltr'>conlatis</span> <span class='ocrx_word' id='word_1_220' title='bbox 1179 1528 1337 1579; x_wconf 82' lang='lat' dir='ltr'>ancipiti</span> <span class='ocrx_word' id='word_1_221' title='bbox 1354 1527 1504 1579; x_wconf 86' lang='lat' dir='ltr'>proelio</span> 
     </span>
     <span class='ocr_line' id='line_1_28' title="bbox 87 1584 1506 1636; baseline 0 -12"><span class='ocrx_word' id='word_1_222' title='bbox 87 1591 124 1624; x_wconf 83' lang='lat' dir='ltr'>et</span> <span class='ocrx_word' id='word_1_223' title='bbox 142 1597 230 1624; x_wconf 89' lang='lat' dir='ltr'>cum</span> <span class='ocrx_word' id='word_1_224' title='bbox 249 1585 391 1624; x_wconf 89' lang='lat' dir='ltr'>maiore</span> <span class='ocrx_word' id='word_1_225' title='bbox 410 1598 478 1624; x_wconf 89' lang='lat' dir='ltr'>sua</span> <span class='ocrx_word' id='word_1_226' title='bbox 497 1597 610 1636; x_wconf 87' lang='lat' dir='ltr'>quam</span> <span class='ocrx_word' id='word_1_227' title='bbox 629 1585 803 1624; x_wconf 86' lang='lat' dir='ltr'>hostium</span> <span class='ocrx_word' id='word_1_228' title='bbox 822 1585 969 1624; x_wconf 87' lang='lat' dir='ltr'>iactura</span> <span class='ocrx_word' id='word_1_229' title='bbox 980 1584 1194 1633; x_wconf 73' lang='lat' dir='ltr'>dimicavit,</span> <span class='ocrx_word' id='word_1_230' title='bbox 1217 1585 1353 1624; x_wconf 85' lang='lat' dir='ltr'>castris</span> <span class='ocrx_word' id='word_1_231' title='bbox 1365 1584 1506 1624; x_wconf 85' lang='lat' dir='ltr'>deinde</span> 
     </span>
     <span class='ocr_line' id='line_1_29' title="bbox 85 1641 1507 1694; baseline -0.001 -14"><span class='ocrx_word' id='word_1_232' title='bbox 85 1642 222 1693; x_wconf 87' lang='lat' dir='ltr'>positis</span> <span class='ocrx_word' id='word_1_233' title='bbox 258 1641 468 1681; x_wconf 86' lang='lat' dir='ltr'>moenibus</span> <span class='ocrx_word' id='word_1_234' title='bbox 490 1642 645 1680; x_wconf 85' lang='lat' dir='ltr'>hostem</span> <span class='ocrx_word' id='word_1_235' title='bbox 676 1642 856 1682; x_wconf 86' lang='lat' dir='ltr'>inclusit:</span> <span class='ocrx_word' id='word_1_236' title='bbox 894 1646 1163 1693; x_wconf 81' lang='lat' dir='ltr'>oppugnatum</span> <span class='ocrx_word' id='word_1_237' title='bbox 1204 1641 1393 1694; x_wconf 89' lang='lat' dir='ltr'>oppidum</span> <span class='ocrx_word' id='word_1_238' title='bbox 1415 1654 1507 1693; x_wconf 85' lang='lat' dir='ltr'>cap-</span> 
     </span>
     <span class='ocr_line' id='line_1_30' title="bbox 87 1697 1505 1751; baseline 0.001 -14"><span class='ocrx_word' id='word_1_239' title='bbox 87 1703 263 1750; x_wconf 85' lang='lat' dir='ltr'>tumque.</span> <span class='ocrx_word' id='word_1_240' title='bbox 313 1699 356 1737; x_wconf 88' lang='lat' dir='ltr'>in</span> <span class='ocrx_word' id='word_1_241' title='bbox 386 1698 447 1738; x_wconf 90' lang='lat' dir='ltr'>his</span> <span class='ocrx_word' id='word_1_242' title='bbox 469 1699 594 1738; x_wconf 90' lang='lat' dir='ltr'>tribus</span> <span class='ocrx_word' id='word_1_243' title='bbox 614 1699 775 1738; x_wconf 88' lang='lat' dir='ltr'>urbibus</span> <span class='ocrx_word' id='word_1_244' title='bbox 798 1704 908 1751; x_wconf 86' lang='lat' dir='ltr'>capta</span> <span class='ocrx_word' id='word_1_245' title='bbox 930 1703 996 1738; x_wconf 87' lang='lat' dir='ltr'>aut</span> <span class='ocrx_word' id='word_1_246' title='bbox 1018 1711 1128 1738; x_wconf 86' lang='lat' dir='ltr'>caesa</span> <span class='ocrx_word' id='word_1_247' title='bbox 1150 1698 1196 1738; x_wconf 87' lang='lat' dir='ltr'>ad</span> <span class='ocrx_word' id='word_1_248' title='bbox 1213 1711 1237 1738; x_wconf 88' lang='lat' dir='ltr'>x</span> <span class='ocrx_word' id='word_1_249' title='bbox 1253 1697 1357 1738; x_wconf 89' lang='lat' dir='ltr'>milia</span> <span class='ocrx_word' id='word_1_250' title='bbox 1374 1698 1505 1738; x_wconf 88' lang='lat' dir='ltr'>homi-</span> 
     </span>
    </p>
   </div>
   <div class='ocr_carea' id='block_1_10' title="bbox 85 1846 748 1935">
    <p class='ocr_par' dir='ltr' id='par_1_10' title="bbox 85 1846 748 1935">
     <span class='ocr_line' id='line_1_31' title="bbox 88 1846 748 1889; baseline 0.002 -9"><span class='ocrx_word' id='word_1_251' title='bbox 88 1848 226 1889; x_wconf 83' lang='lat' dir='ltr'>Gebete,</span> <span class='ocrx_word' id='word_1_252' title='bbox 255 1846 445 1880; x_wconf 80' lang='lat' dir='ltr'>Festmahle</span> <span class='ocrx_word' id='word_1_253' title='bbox 471 1848 505 1880; x_wconf 91' lang='lat' dir='ltr'>in</span> <span class='ocrx_word' id='word_1_254' title='bbox 531 1849 592 1880; x_wconf 86' lang='lat' dir='ltr'>den</span> <span class='ocrx_word' id='word_1_255' title='bbox 612 1847 748 1881; x_wconf 87' lang='lat' dir='ltr'>Privat-</span> 
     </span>
     <span class='ocr_line' id='line_1_32' title="bbox 85 1894 748 1935; baseline -0.002 -8"><span class='ocrx_word' id='word_1_256' title='bbox 85 1895 304 1935; x_wconf 83' lang='lat' dir='ltr'>wohnungen,</span> <span class='ocrx_word' id='word_1_257' title='bbox 324 1904 349 1926; x_wconf 92' lang='lat' dir='ltr'>s.</span> <span class='ocrx_word' id='word_1_258' title='bbox 370 1894 399 1935; x_wconf 86' lang='lat'>5,</span> <span class='ocrx_word' id='word_1_259' title='bbox 417 1894 473 1934; x_wconf 78' lang='lat'>133</span> <span class='ocrx_word' id='word_1_260' title='bbox 498 1894 552 1934; x_wconf 85' lang='lat'>27,</span> <span class='ocrx_word' id='word_1_261' title='bbox 577 1895 629 1935; x_wconf 77' lang='lat'>51,</span> <span class='ocrx_word' id='word_1_262' title='bbox 654 1895 684 1926; x_wconf 84' lang='lat'>9.</span> <span class='ocrx_word' id='word_1_263' title='bbox 704 1913 748 1918; x_wconf 89' lang='grc'>-</span> 
     </span>
    </p>
   </div>
   <div class='ocr_carea' id='block_1_11' title="bbox 838 1848 1509 1936">
    <p class='ocr_par' dir='ltr' id='par_1_11' title="bbox 838 1848 1509 1936">
     <span class='ocr_line' id='line_1_33' title="bbox 838 1848 1506 1892; baseline 0.001 -12"><span class='ocrx_word' id='word_1_264' title='bbox 838 1859 864 1880; x_wconf 87' lang='lat' dir='ltr'>s.</span> <span class='ocrx_word' id='word_1_265' title='bbox 884 1859 911 1880; x_wconf 86' lang='lat' dir='ltr'>c.</span> <span class='ocrx_word' id='word_1_266' title='bbox 930 1848 985 1890; x_wconf 85' lang='lat'>46,</span> <span class='ocrx_word' id='word_1_267' title='bbox 1006 1848 1043 1880; x_wconf 81' lang='lat'>6:</span> <span class='ocrx_word' id='word_1_268' title='bbox 1058 1850 1241 1892; x_wconf 71' lang='lat' dir='ltr'>potuisset,</span> <span class='ocrx_word' id='word_1_269' title='bbox 1267 1848 1321 1891; x_wconf 86' lang='grc'>36,</span> <span class='ocrx_word' id='word_1_270' title='bbox 1340 1849 1372 1890; x_wconf 87' lang='grc'>5,</span> <span class='ocrx_word' id='word_1_271' title='bbox 1389 1848 1409 1881; x_wconf 88' lang='grc'><strong>6</strong></span> <span class='ocrx_word' id='word_1_272' title='bbox 1427 1859 1457 1881; x_wconf 90' lang='lat' dir='ltr'>u.</span> <span class='ocrx_word' id='word_1_273' title='bbox 1477 1859 1506 1881; x_wconf 84' lang='lat' dir='ltr'>a.</span> 
     </span>
     <span class='ocr_line' id='line_1_34' title="bbox 838 1894 1509 1936; baseline 0.001 -10"><span class='ocrx_word' id='word_1_274' title='bbox 838 1913 881 1917; x_wconf 84' lang='lat'>-</span> <span class='ocrx_word' id='word_1_275' title='bbox 929 1895 1108 1935; x_wconf 66' lang='lat' dir='ltr'>coniurat„</span> <span class='ocrx_word' id='word_1_276' title='bbox 1172 1894 1386 1936; x_wconf 85' lang='lat' dir='ltr'>Verbindung</span> <span class='ocrx_word' id='word_1_277' title='bbox 1434 1904 1509 1927; x_wconf 89' lang='lat' dir='ltr'>zum</span> 
     </span>
    </p>
   </div>
   <div class='ocr_carea' id='block_1_12' title="bbox 84 1939 752 2664">
    <p class='ocr_par' dir='ltr' id='par_1_12' title="bbox 84 1939 752 2664">
     <span class='ocr_line' id='line_1_35' title="bbox 85 1939 749 1982; baseline 0 -11"><span class='ocrx_word' id='word_1_278' title='bbox 85 1951 141 1972; x_wconf 72' lang='lat' dir='ltr'>nec</span> <span class='ocrx_word' id='word_1_279' title='bbox 158 1959 200 1963; x_wconf 89' lang='lat'>—</span> <span class='ocrx_word' id='word_1_280' title='bbox 217 1950 344 1982; x_wconf 75' lang='lat' dir='ltr'>magna</span> <span class='ocrx_word' id='word_1_281' title='bbox 368 1939 442 1971; x_wconf 87' lang='lat' dir='ltr'>sind</span> <span class='ocrx_word' id='word_1_282' title='bbox 461 1939 566 1971; x_wconf 89' lang='lat' dir='ltr'>durch</span> <span class='ocrx_word' id='word_1_283' title='bbox 588 1940 642 1971; x_wconf 87' lang='lat' dir='ltr'>die</span> <span class='ocrx_word' id='word_1_284' title='bbox 660 1940 749 1972; x_wconf 81' lang='lat' dir='ltr'>stel-</span> 
     </span>
     <span class='ocr_line' id='line_1_36' title="bbox 84 1985 747 2026; baseline 0 -9"><span class='ocrx_word' id='word_1_285' title='bbox 84 1986 163 2026; x_wconf 79' lang='lat' dir='ltr'>Iung</span> <span class='ocrx_word' id='word_1_286' title='bbox 177 1985 335 2026; x_wconf 80' lang='lat' dir='ltr'>gehoben.</span> <span class='ocrx_word' id='word_1_287' title='bbox 351 2004 393 2007; x_wconf 81' lang='lat'><strong>—</strong></span> <span class='ocrx_word' id='word_1_288' title='bbox 408 1985 591 2026; x_wconf 77' lang='lat' dir='ltr'>rebellasse,</span> <span class='ocrx_word' id='word_1_289' title='bbox 609 1996 661 2017; x_wconf 91' lang='lat' dir='ltr'>um</span> <span class='ocrx_word' id='word_1_290' title='bbox 676 1985 747 2017; x_wconf 85' lang='lat' dir='ltr'>sich</span> 
     </span>
     <span class='ocr_line' id='line_1_37' title="bbox 86 2030 748 2063; baseline 0 -1"><span class='ocrx_word' id='word_1_291' title='bbox 86 2031 211 2063; x_wconf 85' lang='lat' dir='ltr'>wieder</span> <span class='ocrx_word' id='word_1_292' title='bbox 236 2031 296 2063; x_wconf 84' lang='lat' dir='ltr'>mit</span> <span class='ocrx_word' id='word_1_293' title='bbox 317 2031 377 2063; x_wconf 85' lang='lat' dir='ltr'>deu</span> <span class='ocrx_word' id='word_1_294' title='bbox 404 2030 576 2063; x_wconf 81' lang='lat' dir='ltr'>Samniten</span> <span class='ocrx_word' id='word_1_295' title='bbox 604 2042 644 2062; x_wconf 86' lang='lat' dir='ltr'>zu</span> <span class='ocrx_word' id='word_1_296' title='bbox 670 2041 748 2063; x_wconf 88' lang='lat' dir='ltr'>ver-</span> 
     </span>
     <span class='ocr_line' id='line_1_38' title="bbox 84 2075 748 2118; baseline 0.002 -11"><span class='ocrx_word' id='word_1_297' title='bbox 84 2076 228 2117; x_wconf 77' lang='lat' dir='ltr'>einigen,</span> <span class='ocrx_word' id='word_1_298' title='bbox 261 2075 393 2108; x_wconf 79' lang='lat' dir='ltr'>worauf</span> <span class='ocrx_word' id='word_1_299' title='bbox 422 2076 440 2118; x_wconf 68' lang='grc' dir='ltr'>ξ</span> <span class='ocrx_word' id='word_1_300' title='bbox 470 2076 505 2107; x_wconf 88' lang='lat'>3:</span> <span class='ocrx_word' id='word_1_301' title='bbox 538 2079 646 2108; x_wconf 79' lang='lat' dir='ltr'>erecta</span> <span class='ocrx_word' id='word_1_302' title='bbox 674 2077 748 2108; x_wconf 90' lang='lat' dir='ltr'>hin—-</span> 
     </span>
     <span class='ocr_line' id='line_1_39' title="bbox 86 2121 749 2155; baseline 0 -2"><span class='ocrx_word' id='word_1_303' title='bbox 86 2122 210 2154; x_wconf 86' lang='lat' dir='ltr'>deutct.</span> <span class='ocrx_word' id='word_1_304' title='bbox 252 2122 322 2154; x_wconf 88' lang='lat' dir='ltr'>Aus</span> <span class='ocrx_word' id='word_1_305' title='bbox 356 2122 415 2153; x_wconf 87' lang='lat' dir='ltr'>der</span> <span class='ocrx_word' id='word_1_306' title='bbox 442 2121 659 2155; x_wconf 84' lang='lat' dir='ltr'>Theilnahme</span> <span class='ocrx_word' id='word_1_307' title='bbox 689 2122 749 2154; x_wconf 86' lang='lat' dir='ltr'>der</span> 
     </span>
     <span class='ocr_line' id='line_1_40' title="bbox 85 2166 749 2209; baseline 0.003 -11"><span class='ocrx_word' id='word_1_308' title='bbox 85 2166 316 2209; x_wconf 73' lang='lat' dir='ltr'>Faliske1=§ss</span> <span class='ocrx_word' id='word_1_309' title='bbox 341 2167 428 2199; x_wconf 88' lang='lat' dir='ltr'>kann</span> <span class='ocrx_word' id='word_1_310' title='bbox 452 2177 525 2199; x_wconf 85' lang='lat' dir='ltr'>man</span> <span class='ocrx_word' id='word_1_311' title='bbox 550 2168 749 2208; x_wconf 85' lang='lat' dir='ltr'>schliessen,</span> 
     </span>
     <span class='ocr_line' id='line_1_41' title="bbox 86 2212 746 2254; baseline -0.002 -9"><span class='ocrx_word' id='word_1_312' title='bbox 86 2214 162 2245; x_wconf 89' lang='lat' dir='ltr'>dass</span> <span class='ocrx_word' id='word_1_313' title='bbox 177 2223 212 2244; x_wconf 87' lang='lat' dir='ltr'>es</span> <span class='ocrx_word' id='word_1_314' title='bbox 224 2213 315 2244; x_wconf 84' lang='lat' dir='ltr'>nicht</span> <span class='ocrx_word' id='word_1_315' title='bbox 326 2212 379 2244; x_wconf 86' lang='lat' dir='ltr'>die</span> <span class='ocrx_word' id='word_1_316' title='bbox 395 2213 746 2254; x_wconf 68' lang='lat' dir='ltr'>nfirdlichenstaaten,</span> 
     </span>
     <span class='ocr_line' id='line_1_42' title="bbox 86 2258 748 2299; baseline 0.002 -10"><span class='ocrx_word' id='word_1_317' title='bbox 86 2269 111 2289; x_wconf 84' lang='lat' dir='ltr'>s.</span> <span class='ocrx_word' id='word_1_318' title='bbox 131 2269 159 2289; x_wconf 89' lang='lat' dir='ltr'>c.</span> <span class='ocrx_word' id='word_1_319' title='bbox 179 2258 233 2299; x_wconf 81' lang='lat'>37,</span> <span class='ocrx_word' id='word_1_320' title='bbox 251 2258 282 2297; x_wconf 78' lang='lat'>4,</span> <span class='ocrx_word' id='word_1_321' title='bbox 300 2258 443 2290; x_wconf 86' lang='lat' dir='ltr'>sondern</span> <span class='ocrx_word' id='word_1_322' title='bbox 463 2258 515 2290; x_wconf 86' lang='lat' dir='ltr'>die</span> <span class='ocrx_word' id='word_1_323' title='bbox 532 2269 573 2291; x_wconf 84' lang='lat' dir='ltr'>an</span> <span class='ocrx_word' id='word_1_324' title='bbox 591 2259 650 2291; x_wconf 84' lang='lat' dir='ltr'>der</span> <span class='ocrx_word' id='word_1_325' title='bbox 668 2261 748 2291; x_wconf 80' lang='lat' dir='ltr'>ro&#39;m.</span> 
     </span>
     <span class='ocr_line' id='line_1_43' title="bbox 87 2303 750 2344; baseline 0.003 -10"><span class='ocrx_word' id='word_1_326' title='bbox 87 2303 217 2335; x_wconf 86' lang='lat' dir='ltr'>Grenze</span> <span class='ocrx_word' id='word_1_327' title='bbox 251 2304 347 2343; x_wconf 83' lang='lat' dir='ltr'>(nach</span> <span class='ocrx_word' id='word_1_328' title='bbox 376 2303 473 2336; x_wconf 83' lang='lat' dir='ltr'>Nieb.</span> <span class='ocrx_word' id='word_1_329' title='bbox 506 2304 536 2344; x_wconf 89' lang='lat'>3,</span> <span class='ocrx_word' id='word_1_330' title='bbox 572 2304 637 2336; x_wconf 85' lang='lat'>475</span> <span class='ocrx_word' id='word_1_331' title='bbox 667 2305 750 2336; x_wconf 88' lang='lat' dir='ltr'>auch</span> 
     </span>
     <span class='ocr_line' id='line_1_44' title="bbox 87 2348 747 2390; baseline -0.002 -9"><span class='ocrx_word' id='word_1_332' title='bbox 87 2348 248 2390; x_wconf 86' lang='lat' dir='ltr'>Vulsinii,</span> <span class='ocrx_word' id='word_1_333' title='bbox 272 2360 297 2381; x_wconf 86' lang='lat' dir='ltr'>s.</span> <span class='ocrx_word' id='word_1_334' title='bbox 322 2348 485 2381; x_wconf 79' lang='lat' dir='ltr'>Periocha</span> <span class='ocrx_word' id='word_1_335' title='bbox 518 2350 569 2390; x_wconf 82' lang='lat'>11)</span> <span class='ocrx_word' id='word_1_336' title='bbox 594 2359 747 2389; x_wconf 83' lang='lat' dir='ltr'>gewesen</span> 
     </span>
     <span class='ocr_line' id='line_1_45' title="bbox 88 2394 750 2436; baseline 0 -10"><span class='ocrx_word' id='word_1_337' title='bbox 88 2394 189 2426; x_wconf 88' lang='lat' dir='ltr'>seien.</span> <span class='ocrx_word' id='word_1_338' title='bbox 209 2413 251 2417; x_wconf 82' lang='lat'>——</span> <span class='ocrx_word' id='word_1_339' title='bbox 269 2404 413 2436; x_wconf 72' lang='lat' dir='ltr'>quonam</span> <span class='ocrx_word' id='word_1_340' title='bbox 434 2394 530 2427; x_wconf 82' lang='lat' dir='ltr'>modo</span> <span class='ocrx_word' id='word_1_341' title='bbox 549 2399 625 2436; x_wconf 65' lang='lat' dir='ltr'>etc„</span> <span class='ocrx_word' id='word_1_342' title='bbox 645 2395 750 2431; x_wconf 60' lang='lat' dir='ltr'>,iiber-</span> 
     </span>
     <span class='ocr_line' id='line_1_46' title="bbox 86 2439 751 2483; baseline 0.003 -13"><span class='ocrx_word' id='word_1_343' title='bbox 86 2439 245 2480; x_wconf 79' lang='lat' dir='ltr'>treibend‚</span> <span class='ocrx_word' id='word_1_344' title='bbox 261 2450 286 2472; x_wconf 91' lang='lat' dir='ltr'>s.</span> <span class='ocrx_word' id='word_1_345' title='bbox 302 2451 329 2471; x_wconf 85' lang='lat' dir='ltr'>c.</span> <span class='ocrx_word' id='word_1_346' title='bbox 346 2440 405 2479; x_wconf 73' lang='lat'>213</span> <span class='ocrx_word' id='word_1_347' title='bbox 422 2441 451 2483; x_wconf 84' lang='lat'>9,</span> <span class='ocrx_word' id='word_1_348' title='bbox 468 2440 559 2481; x_wconf 80' lang='lat'>19‚3.</span> <span class='ocrx_word' id='word_1_349' title='bbox 574 2459 616 2463; x_wconf 97' lang='lat'><strong>—</strong></span> <span class='ocrx_word' id='word_1_350' title='bbox 629 2441 751 2481; x_wconf 67' lang='lat' dir='ltr'>sicima</span> 
     </span>
     <span class='ocr_line' id='line_1_47' title="bbox 87 2485 751 2527; baseline 0.003 -12"><span class='ocrx_word' id='word_1_351' title='bbox 87 2485 218 2526; x_wconf 74' lang='lat' dir='ltr'>fuisset,</span> <span class='ocrx_word' id='word_1_352' title='bbox 235 2495 350 2527; x_wconf 72' lang='lat' dir='ltr'>weg-en</span> <span class='ocrx_word' id='word_1_353' title='bbox 376 2485 434 2518; x_wconf 89' lang='lat' dir='ltr'>des</span> <span class='ocrx_word' id='word_1_354' title='bbox 454 2485 657 2518; x_wconf 76' lang='lat' dir='ltr'>Pr&#39;ateritum</span> <span class='ocrx_word' id='word_1_355' title='bbox 674 2487 751 2517; x_wconf 78' lang='lat' dir='ltr'>sub-</span> 
     </span>
     <span class='ocr_line' id='line_1_48' title="bbox 89 2530 751 2573; baseline 0.006 -14"><span class='ocrx_word' id='word_1_356' title='bbox 89 2530 165 2569; x_wconf 73' lang='lat' dir='ltr'>ibat,</span> <span class='ocrx_word' id='word_1_357' title='bbox 194 2535 286 2563; x_wconf 87' lang='lat' dir='ltr'>sonst</span> <span class='ocrx_word' id='word_1_358' title='bbox 302 2531 417 2563; x_wconf 84' lang='lat' dir='ltr'>wiirde</span> <span class='ocrx_word' id='word_1_359' title='bbox 444 2541 480 2563; x_wconf 85' lang='lat' dir='ltr'>es</span> <span class='ocrx_word' id='word_1_360' title='bbox 497 2532 618 2573; x_wconf 53' lang='lat' dir='ltr'>satura</span> <span class='ocrx_word' id='word_1_361' title='bbox 641 2532 751 2573; x_wconf 78' lang='lat' dir='ltr'>fuerit</span> 
     </span>
     <span class='ocr_line' id='line_1_49' title="bbox 88 2575 751 2620; baseline 0.003 -15"><span class='ocrx_word' id='word_1_362' title='bbox 88 2575 230 2616; x_wconf 59' lang='lat' dir='ltr'>missen,</span> <span class='ocrx_word' id='word_1_363' title='bbox 263 2587 288 2608; x_wconf 88' lang='lat' dir='ltr'>s.</span> <span class='ocrx_word' id='word_1_364' title='bbox 323 2576 377 2615; x_wconf 83' lang='lat'>28,</span> <span class='ocrx_word' id='word_1_365' title='bbox 411 2577 464 2616; x_wconf 77' lang='lat'>24,</span> <span class='ocrx_word' id='word_1_366' title='bbox 505 2577 540 2608; x_wconf 87' lang='lat'>2:</span> <span class='ocrx_word' id='word_1_367' title='bbox 579 2576 751 2620; x_wconf 72' lang='lat' dir='ltr'>adparuit,</span> 
     </span>
     <span class='ocr_line' id='line_1_50' title="bbox 89 2622 752 2664; baseline 0.008 -15"><span class='ocrx_word' id='word_1_368' title='bbox 89 2623 246 2661; x_wconf 79' lang='lat' dir='ltr'>quantam</span> <span class='ocrx_word' id='word_1_369' title='bbox 256 2623 445 2655; x_wconf 58' lang='lat' dir='ltr'>caecitatum</span> <span class='ocrx_word' id='word_1_370' title='bbox 453 2622 752 2664; x_wconf 69' lang='lat' dir='ltr'>molem—fuisset,</span> 
     </span>
    </p>
   </div>
   <div class='ocr_carea' id='block_1_13' title="bbox 839 1938 1509 2663">
    <p class='ocr_par' dir='ltr' id='par_1_13' title="bbox 839 1938 1268 1981">
     <span class='ocr_line' id='line_1_51' title="bbox 839 1938 1268 1981; baseline 0 -10"><span class='ocrx_word' id='word_1_371' title='bbox 839 1938 978 1981; x_wconf 83' lang='lat' dir='ltr'>Hriege,</span> <span class='ocrx_word' id='word_1_372' title='bbox 996 1940 1028 1981; x_wconf 78' lang='lat'>6,</span> <span class='ocrx_word' id='word_1_373' title='bbox 1047 1940 1078 1981; x_wconf 86' lang='lat'>2,</span> <span class='ocrx_word' id='word_1_374' title='bbox 1097 1940 1115 1971; x_wconf 84' lang='lat'>2</span> <span class='ocrx_word' id='word_1_375' title='bbox 1134 1951 1166 1971; x_wconf 94' lang='lat' dir='ltr'>u.</span> <span class='ocrx_word' id='word_1_376' title='bbox 1185 1950 1214 1972; x_wconf 84' lang='lat' dir='ltr'>a.</span> <span class='ocrx_word' id='word_1_377' title='bbox 1261 1960 1268 1964; x_wconf 79' lang='lat'><em>-</em></span> 
     </span>
    </p>

    <p class='ocr_par' dir='ltr' id='par_1_14' title="bbox 839 1985 1509 2663">
     <span class='ocr_line' id='line_1_52' title="bbox 883 1985 1509 2026; baseline 0.003 -10"><span class='ocrx_word' id='word_1_378' title='bbox 883 1985 1006 2018; x_wconf 81' lang='lat'>4—11.</span> <span class='ocrx_word' id='word_1_379' title='bbox 1029 1987 1210 2026; x_wconf 74' lang='lat' dir='ltr'>sociorum,</span> <span class='ocrx_word' id='word_1_380' title='bbox 1226 1985 1509 2018; x_wconf 84' lang='lat' dir='ltr'>wahrscheinlich</span> 
     </span>
     <span class='ocr_line' id='line_1_53' title="bbox 839 2031 1508 2075; baseline 0.001 -13"><span class='ocrx_word' id='word_1_381' title='bbox 839 2031 904 2062; x_wconf 85' lang='lat' dir='ltr'>wie</span> <span class='ocrx_word' id='word_1_382' title='bbox 923 2031 954 2072; x_wconf 90' lang='grc'>9,</span> <span class='ocrx_word' id='word_1_383' title='bbox 973 2031 1028 2073; x_wconf 86' lang='grc'>32,</span> <span class='ocrx_word' id='word_1_384' title='bbox 1051 2033 1077 2064; x_wconf 92' lang='grc'>1.</span> <span class='ocrx_word' id='word_1_385' title='bbox 1096 2050 1138 2054; x_wconf 90' lang='grc'>-</span> <span class='ocrx_word' id='word_1_386' title='bbox 1153 2034 1322 2075; x_wconf 77' lang='lat' dir='ltr'>praetore,</span> <span class='ocrx_word' id='word_1_387' title='bbox 1339 2032 1390 2064; x_wconf 89' lang='lat' dir='ltr'>als</span> <span class='ocrx_word' id='word_1_388' title='bbox 1404 2031 1508 2064; x_wconf 81' lang='lat' dir='ltr'>Stell-</span> 
     </span>
     <span class='ocr_line' id='line_1_54' title="bbox 839 2077 1508 2110; baseline 0.001 -2"><span class='ocrx_word' id='word_1_389' title='bbox 839 2080 1011 2109; x_wconf 85' lang='lat' dir='ltr'>vertreter</span> <span class='ocrx_word' id='word_1_390' title='bbox 1047 2077 1108 2108; x_wconf 87' lang='lat' dir='ltr'>der</span> <span class='ocrx_word' id='word_1_391' title='bbox 1138 2077 1297 2109; x_wconf 85' lang='lat' dir='ltr'>Consuln.</span> <span class='ocrx_word' id='word_1_392' title='bbox 1330 2095 1374 2100; x_wconf 89' lang='lat'><strong>—</strong></span> <span class='ocrx_word' id='word_1_393' title='bbox 1402 2078 1508 2110; x_wconf 74' lang='lat' dir='ltr'>intro-</span> 
     </span>
     <span class='ocr_line' id='line_1_55' title="bbox 839 2121 1508 2163; baseline 0.003 -10"><span class='ocrx_word' id='word_1_394' title='bbox 839 2121 967 2163; x_wconf 68' lang='lat' dir='ltr'>ductae,</span> <span class='ocrx_word' id='word_1_395' title='bbox 986 2123 1046 2154; x_wconf 85' lang='lat' dir='ltr'>der</span> <span class='ocrx_word' id='word_1_396' title='bbox 1068 2123 1311 2163; x_wconf 62' lang='lat' dir='ltr'>regehuiissige</span> <span class='ocrx_word' id='word_1_397' title='bbox 1329 2122 1508 2155; x_wconf 81' lang='lat' dir='ltr'>Ausdruck</span> 
     </span>
     <span class='ocr_line' id='line_1_56' title="bbox 839 2167 1508 2209; baseline 0.001 -9"><span class='ocrx_word' id='word_1_398' title='bbox 839 2167 894 2200; x_wconf 72' lang='lat' dir='ltr'>fiir</span> <span class='ocrx_word' id='word_1_399' title='bbox 926 2167 980 2199; x_wconf 85' lang='lat' dir='ltr'>die</span> <span class='ocrx_word' id='word_1_400' title='bbox 1013 2167 1226 2209; x_wconf 82' lang='lat' dir='ltr'>Einfiihrnng</span> <span class='ocrx_word' id='word_1_401' title='bbox 1259 2167 1406 2201; x_wconf 83' lang='lat' dir='ltr'>fremder</span> <span class='ocrx_word' id='word_1_402' title='bbox 1440 2167 1508 2201; x_wconf 80' lang='lat' dir='ltr'>Ge-</span> 
     </span>
     <span class='ocr_line' id='line_1_57' title="bbox 839 2213 1508 2255; baseline 0.001 -10"><span class='ocrx_word' id='word_1_403' title='bbox 839 2214 980 2246; x_wconf 85' lang='lat' dir='ltr'>sandten</span> <span class='ocrx_word' id='word_1_404' title='bbox 1014 2213 1046 2245; x_wconf 89' lang='lat' dir='ltr'>in</span> <span class='ocrx_word' id='word_1_405' title='bbox 1076 2214 1140 2244; x_wconf 89' lang='lat' dir='ltr'>den</span> <span class='ocrx_word' id='word_1_406' title='bbox 1172 2213 1286 2246; x_wconf 83' lang='lat' dir='ltr'>Senat.</span> <span class='ocrx_word' id='word_1_407' title='bbox 1316 2233 1359 2237; x_wconf 86' lang='lat'>--</span> <span class='ocrx_word' id='word_1_408' title='bbox 1389 2216 1508 2255; x_wconf 60' lang='lat' dir='ltr'>tutan,</span> 
     </span>
     <span class='ocr_line' id='line_1_58' title="bbox 841 2258 1508 2299; baseline 0.001 -9"><span class='ocrx_word' id='word_1_409' title='bbox 841 2259 922 2290; x_wconf 85' lang='lat' dir='ltr'>weil</span> <span class='ocrx_word' id='word_1_410' title='bbox 940 2258 1002 2298; x_wconf 84' lang='lat' dir='ltr'>sie,</span> <span class='ocrx_word' id='word_1_411' title='bbox 1029 2258 1110 2291; x_wconf 81' lang='lat' dir='ltr'>Rom</span> <span class='ocrx_word' id='word_1_412' title='bbox 1127 2259 1371 2299; x_wconf 84' lang='lat' dir='ltr'>unterworfen,</span> <span class='ocrx_word' id='word_1_413' title='bbox 1401 2259 1508 2292; x_wconf 84' lang='lat' dir='ltr'>selbst</span> 
     </span>
     <span class='ocr_line' id='line_1_59' title="bbox 840 2303 1507 2337; baseline 0.001 -1"><span class='ocrx_word' id='word_1_414' title='bbox 840 2305 894 2336; x_wconf 89' lang='lat' dir='ltr'>die</span> <span class='ocrx_word' id='word_1_415' title='bbox 913 2303 1045 2337; x_wconf 85' lang='lat' dir='ltr'>Waffen</span> <span class='ocrx_word' id='word_1_416' title='bbox 1067 2305 1156 2336; x_wconf 86' lang='lat' dir='ltr'>nicht</span> <span class='ocrx_word' id='word_1_417' title='bbox 1172 2304 1292 2336; x_wconf 85' lang='lat' dir='ltr'>fiihren</span> <span class='ocrx_word' id='word_1_418' title='bbox 1317 2303 1446 2337; x_wconf 86' lang='lat' dir='ltr'>diirfen.</span> <span class='ocrx_word' id='word_1_419' title='bbox 1465 2324 1507 2329; x_wconf 85' lang='lat'>-—</span> 
     </span>
     <span class='ocr_line' id='line_1_60' title="bbox 839 2349 1505 2391; baseline 0.002 -10"><span class='ocrx_word' id='word_1_420' title='bbox 839 2349 998 2389; x_wconf 71' lang='lat' dir='ltr'>Faliscos,</span> <span class='ocrx_word' id='word_1_421' title='bbox 1017 2350 1107 2382; x_wconf 82' lang='lat' dir='ltr'>diese</span> <span class='ocrx_word' id='word_1_422' title='bbox 1126 2350 1230 2382; x_wconf 84' lang='lat' dir='ltr'>haben</span> <span class='ocrx_word' id='word_1_423' title='bbox 1249 2350 1300 2382; x_wconf 87' lang='lat' dir='ltr'>bis</span> <span class='ocrx_word' id='word_1_424' title='bbox 1319 2350 1414 2391; x_wconf 80' lang='lat' dir='ltr'>jetzt,</span> <span class='ocrx_word' id='word_1_425' title='bbox 1432 2361 1459 2382; x_wconf 88' lang='lat' dir='ltr'>s.</span> <span class='ocrx_word' id='word_1_426' title='bbox 1478 2361 1505 2382; x_wconf 87' lang='lat' dir='ltr'>c.</span> 
     </span>
     <span class='ocr_line' id='line_1_61' title="bbox 844 2395 1505 2437; baseline 0 -10"><span class='ocrx_word' id='word_1_427' title='bbox 844 2396 903 2434; x_wconf 79' lang='lat'>123</span> <span class='ocrx_word' id='word_1_428' title='bbox 923 2396 954 2436; x_wconf 89' lang='grc'>7,</span> <span class='ocrx_word' id='word_1_429' title='bbox 973 2396 1026 2436; x_wconf 89' lang='grc'>22,</span> <span class='ocrx_word' id='word_1_430' title='bbox 1046 2396 1077 2437; x_wconf 87' lang='grc'>5,</span> <span class='ocrx_word' id='word_1_431' title='bbox 1095 2406 1136 2427; x_wconf 82' lang='lat' dir='ltr'>an</span> <span class='ocrx_word' id='word_1_432' title='bbox 1154 2396 1214 2427; x_wconf 85' lang='lat' dir='ltr'>den</span> <span class='ocrx_word' id='word_1_433' title='bbox 1229 2396 1459 2436; x_wconf 78' lang='lat' dir='ltr'>ssewegungen</span> <span class='ocrx_word' id='word_1_434' title='bbox 1473 2395 1505 2427; x_wconf 92' lang='lat' dir='ltr'>in</span> 
     </span>
     <span class='ocr_line' id='line_1_62' title="bbox 841 2441 1505 2482; baseline 0 -9"><span class='ocrx_word' id='word_1_435' title='bbox 841 2441 1000 2473; x_wconf 84' lang='lat' dir='ltr'>Etrurien</span> <span class='ocrx_word' id='word_1_436' title='bbox 1013 2441 1135 2473; x_wconf 85' lang='lat' dir='ltr'>keinen</span> <span class='ocrx_word' id='word_1_437' title='bbox 1147 2441 1284 2473; x_wconf 82' lang='lat' dir='ltr'>Antheil</span> <span class='ocrx_word' id='word_1_438' title='bbox 1298 2451 1505 2482; x_wconf 84' lang='lat' dir='ltr'>genomlnen;</span> 
     </span>
     <span class='ocr_line' id='line_1_63' title="bbox 839 2486 1505 2527; baseline 0.002 -9"><span class='ocrx_word' id='word_1_439' title='bbox 839 2486 935 2519; x_wconf 85' lang='lat' dir='ltr'>Nieb.</span> <span class='ocrx_word' id='word_1_440' title='bbox 960 2486 991 2527; x_wconf 91' lang='grc'>3,</span> <span class='ocrx_word' id='word_1_441' title='bbox 1017 2486 1092 2519; x_wconf 88' lang='grc'>323.</span> <span class='ocrx_word' id='word_1_442' title='bbox 1118 2505 1162 2509; x_wconf 84' lang='grc'><strong>-</strong></span> <span class='ocrx_word' id='word_1_443' title='bbox 1185 2486 1373 2519; x_wconf 76' lang='lat' dir='ltr'>Palmnbin.</span> <span class='ocrx_word' id='word_1_444' title='bbox 1397 2486 1444 2519; x_wconf 85' lang='lat' dir='ltr'>ist</span> <span class='ocrx_word' id='word_1_445' title='bbox 1468 2497 1505 2519; x_wconf 91' lang='lat' dir='ltr'>so</span> 
     </span>
     <span class='ocr_line' id='line_1_64' title="bbox 840 2531 1506 2565; baseline 0.002 -2"><span class='ocrx_word' id='word_1_446' title='bbox 840 2532 1031 2564; x_wconf 86' lang='lat' dir='ltr'>unbekannt</span> <span class='ocrx_word' id='word_1_447' title='bbox 1059 2532 1109 2564; x_wconf 86' lang='lat' dir='ltr'>als</span> <span class='ocrx_word' id='word_1_448' title='bbox 1127 2531 1228 2565; x_wconf 79' lang='lat' dir='ltr'>Velia</span> <span class='ocrx_word' id='word_1_449' title='bbox 1251 2532 1317 2563; x_wconf 88' lang='lat' dir='ltr'>und</span> <span class='ocrx_word' id='word_1_450' title='bbox 1343 2531 1506 2564; x_wconf 84' lang='lat' dir='ltr'>Hercula-</span> 
     </span>
     <span class='ocr_line' id='line_1_65' title="bbox 842 2577 1505 2611; baseline 0.002 -3"><span class='ocrx_word' id='word_1_451' title='bbox 842 2588 948 2610; x_wconf 81' lang='lat' dir='ltr'>neum.</span> <span class='ocrx_word' id='word_1_452' title='bbox 982 2577 1051 2611; x_wconf 86' lang='lat' dir='ltr'>Der</span> <span class='ocrx_word' id='word_1_453' title='bbox 1067 2578 1162 2610; x_wconf 87' lang='lat' dir='ltr'>Muth</span> <span class='ocrx_word' id='word_1_454' title='bbox 1188 2578 1247 2610; x_wconf 81' lang='lat' dir='ltr'>der</span> <span class='ocrx_word' id='word_1_455' title='bbox 1265 2577 1437 2610; x_wconf 83' lang='lat' dir='ltr'>Samniten</span> <span class='ocrx_word' id='word_1_456' title='bbox 1460 2577 1505 2610; x_wconf 87' lang='lat' dir='ltr'>ist</span> 
     </span>
     <span class='ocr_line' id='line_1_66' title="bbox 843 2623 1503 2663; baseline 0.002 -9"><span class='ocrx_word' id='word_1_457' title='bbox 843 2624 925 2655; x_wconf 84' lang='lat' dir='ltr'>nach</span> <span class='ocrx_word' id='word_1_458' title='bbox 955 2623 1027 2655; x_wconf 80' lang='lat' dir='ltr'>dem</span> <span class='ocrx_word' id='word_1_459' title='bbox 1054 2623 1148 2663; x_wconf 79' lang='lat' dir='ltr'>Folg.</span> <span class='ocrx_word' id='word_1_460' title='bbox 1183 2624 1266 2655; x_wconf 86' lang='lat' dir='ltr'>noch</span> <span class='ocrx_word' id='word_1_461' title='bbox 1294 2623 1503 2663; x_wconf 76' lang='lat' dir='ltr'>keineswegs</span> 
     </span>
    </p>
   </div>
   <div class='ocr_carea' id='block_1_14' title="bbox 1539 1712 1574 1746">
    <p class='ocr_par' dir='ltr' id='par_1_15' title="bbox 1539 1712 1574 1746">
     <span class='ocr_line' id='line_1_67' title="bbox 1539 1712 1574 1746; baseline -0.114 0"><span class='ocrx_word' id='word_1_462' title='bbox 1539 1712 1574 1746; x_wconf 87' lang='lat'>11</span> 
     </span>
    </p>
   </div>
  </div>
 </body>
</html>
