1763 2983
101 185 126 205 a.
147 177 198 202 Ch.
218 175 278 204 322.

590 176 715 210 LIBER
741 175 824 210 VllI.
862 176 955 211 CAP.
982 177 1034 210 38,

1433 176 1512 216 265

103 292 278 332 opusque
299 281 498 333 inciperet,
519 279 602 319 fieri
623 291 702 319 non
723 285 888 331 poterat.
916 280 1046 333 itaque
1067 280 1134 320 ubi
1156 292 1283 332 neque
1305 280 1421 319 eundi
1442 292 1513 319 ne—
1545 289 1564 320 8

103 351 177 390 que
199 338 386 377 manendi
407 338 558 390 copiam
582 350 666 376 esse
686 337 807 384 videt,
838 337 996 376 instruit
1023 338 1146 377 aciem
1170 337 1449 389 inpedimentis
1472 350 1517 376 ex

101 396 253 447 agmine
273 395 448 434 remotis.
486 395 688 433 instruunt
708 400 841 433 contra
863 398 900 433 et
922 395 1066 440 hostes,
1088 400 1127 434 et
1149 394 1288 434 animis
1314 401 1350 433 et
1372 394 1515 433 viribus

99 465 223 504 pares.
264 456 421 492 auxerat
441 452 477 491 id
500 450 667 490 maxime
689 450 853 498 animos,
877 452 981 502 quod
1004 452 1136 502 ignari,
1158 452 1242 490 loco
1264 452 1410 503 iniquo,
1434 463 1514 491 non
1545 459 1563 489 9

102 509 204 547 hosti
235 521 408 556 cessum,
449 509 552 548 velut
581 508 775 558 fugientes
807 521 850 547 ac
880 507 1037 546 territos
1071 508 1260 547 terribiles
1292 509 1363 560 ipsi
1395 509 1518 548 secuti

98 566 265 605 fuerant.
316 566 354 604 id
386 565 622 617 aliquamdiu
655 565 829 616 aequavit
859 576 1027 616 pugnam
1060 564 1136 603 iam
1166 565 1317 615 pridem
1350 567 1513 605 desueto
1548 574 1586 605 10

99 622 274 662 Samnite
297 624 505 663 clamorem
528 622 694 661 Romani
717 622 908 661 exercitus
929 621 1020 673 pati.
1061 626 1099 660 et
1120 622 1275 660 hercule
1297 622 1361 661 illo
1385 623 1445 661 die
1467 623 1513 661 ab

98 680 194 719 hora
221 679 295 719 diei
316 679 430 719 tertia
450 680 497 719 ad
519 684 693 718 octavam
714 679 766 718 ita
788 691 929 730 anceps
952 678 1093 717 dicitur
1116 684 1316 717 certamen
1345 679 1512 726 stetisse,

98 741 142 776 ut
162 748 292 788 neque
315 737 470 784 clamor,
493 741 536 775 ut
556 736 684 788 primo
706 736 828 775 semel
849 747 1044 775 concursu
1067 741 1124 774 est
1140 735 1329 781 sublatus,
1353 736 1512 775 iteratus

96 794 158 840 sit,
181 806 308 846 neque
329 794 436 846 signa
458 798 636 845 promota
658 793 742 832 loco
764 798 916 832 retrove
945 797 1121 843 recepta,
1151 804 1278 843 neque
1309 805 1513 831 recursum

96 850 143 889 ab
166 851 241 889 ulla
262 851 311 890 sit
332 856 452 902 parte.
502 851 541 889 in
563 862 634 889 suo
658 850 834 902 quisquis
851 850 971 900 gradu
995 849 1140 897 obnixi,
1173 855 1358 900 urgentes
1381 850 1511 896 scutis,
1546 856 1580 890 11

95 907 179 946 sine
199 908 456 959 respiratione
473 920 516 947 ac
532 913 714 958 respectu
731 907 959 959 pugnabant
973 920 982 954 ·,
998 906 1177 945 fremitus
1194 907 1364 958 aequalis
1382 911 1516 945 tenor-

96 977 171 1016 que
193 964 296 1004 idem
318 977 470 1016 pugnae
493 965 533 1003 in
555 964 872 1015 defatigationem
897 964 1075 1003 ultimam
1098 969 1163 1003 aut
1184 970 1340 1003 noctem
1359 969 1513 1015 specta-

94 1021 172 1061 bat.

228 1021 303 1061 iam
340 1022 430 1061 viris
461 1022 579 1068 vires,
616 1021 691 1060 iam
721 1025 824 1060 ferro
856 1034 924 1060 sua
954 1021 1029 1066 vis,
1061 1022 1137 1060 iam
1166 1021 1327 1060 consilia
1348 1021 1511 1060 ducibus
1541 1030 1578 1062 12

95 1078 272 1126 deerant,
295 1091 383 1118 cum
406 1079 536 1118 subito
555 1079 791 1117 Samnitium
814 1079 978 1130 equites,
1002 1091 1089 1117 cum
1114 1084 1241 1117 turma
1265 1090 1340 1117 una
1362 1078 1513 1129 longius

93 1140 274 1186 provecta
296 1136 537 1187 accepissent
557 1136 825 1186 inpedimenta
842 1136 1111 1174 Romanorum
1129 1136 1266 1187 procul
1291 1135 1337 1174 ab
1355 1135 1511 1174 armatis

93 1192 176 1231 sine
197 1192 404 1243 praesidio,
428 1193 511 1232 sine
532 1193 778 1232 munimento
801 1199 914 1238 stare,
937 1193 1116 1231 aviditate
1138 1193 1302 1244 praedae
1319 1192 1511 1243 impetum

94 1249 250 1290 faciunt.
292 1250 395 1301 quod
414 1249 477 1288 ubi
494 1249 671 1289 dictatori
687 1250 862 1301 trepidus
880 1250 1041 1288 nuntius
1059 1249 1214 1288 adtulit:
1239 1250 1350 1296 „sine
1367 1249 1510 1288 modo“
1542 1259 1579 1290 13

94 1306 232 1357 inquit,
256 1319 369 1353 „sese
390 1307 531 1357 praeda
551 1307 848 1357 praepediant.“
891 1306 954 1345 alii
978 1307 1116 1345 deinde
1139 1318 1257 1358 super
1285 1306 1381 1345 alios
1404 1306 1517 1359 diripi

94 1362 238 1413 passim
260 1363 433 1414 ferrique
453 1363 632 1402 fortunas
654 1363 823 1402 militum
847 1363 1169 1402 vociferabantur.
1220 1368 1305 1402 tum
1329 1363 1511 1415 magistro
1544 1375 1580 1407 14

94 1419 268 1472 equitum
290 1420 428 1459 accito:
462 1420 593 1467 „vides
614 1425 684 1459 tu“
708 1420 857 1472 inquit,
886 1420 958 1467 „M.
984 1420 1093 1463 Fabi,
1117 1420 1163 1459 ab
1188 1421 1361 1460 hostium
1384 1420 1513 1472 equite

91 1557 274 1589 wohnliche
316 1556 611 1599 Sprachgebrauch
660 1557 762 1589 liesse

92 1602 196 1635 vallus
213 1607 392 1644 erwarten,
410 1613 437 1635 s.
457 1603 486 1642 3,
505 1603 559 1642 27,
574 1602 612 1641 3;
631 1603 763 1644 vgl.25,

91 1649 148 1690 36,
176 1650 208 1680 5.
237 1666 281 1671 —
313 1650 471 1691 inciperet
488 1649 762 1681 :inchoaretur

91 1705 121 1725 n.
150 1694 204 1726 die
233 1693 484 1726 Schanzarbeit.
516 1712 560 1717 -—
589 1693 761 1737 inpedita„

89 1738 148 1771 auf
160 1739 232 1771 dem
246 1739 338 1780 Zuge
357 1749 469 1771 waren
488 1739 661 1772 dieselben
681 1740 762 1771 nach

90 1785 151 1817 den
175 1785 348 1817 einzelnen
375 1784 658 1827 Truppentheilen
684 1796 762 1817 ver-

90 1830 209 1869 theilt,
234 1840 260 1861 s.
278 1830 385 1873 Marq.
406 1831 442 1872 3,
462 1830 501 1870 2,
521 1831 604 1869 326,
624 1831 699 1863 331.
719 1850 761 1854 —

88 1875 177 1918 quod
190 1877 258 1916 ign.
278 1880 351 1916 etc.,
378 1875 428 1907 sie
446 1886 561 1908 waren
583 1877 762 1917 muthiger,

89 1921 167 1952 weil
184 1921 235 1953 sie
252 1921 346 1953 nicht
360 1926 519 1962 wussten,
538 1922 614 1953 dass
630 1922 681 1954 die
694 1922 760 1953 Ro·-

90 1976 159 1998 mer
177 1977 239 1998 nur
258 1977 310 1998 um
328 1967 398 1998 sich
415 1977 478 1998 von
499 1968 569 1998 deu]
584 1968 759 2007 ungiinsti-

88 2021 150 2052 gen
169 2011 250 2044 Orte
284 2023 324 2043 zu
358 2011 546 2053 entfernen,
580 2012 668 2044 nicht
700 2023 760 2044 aus

87 2056 214 2089 Furcht
241 2057 538 2098 zuriickgewichen
561 2068 684 2090 waren.
717 2077 756 2081 ——

88 2104 155 2134 iam
170 2102 276 2146 prid,
302 2102 334 2134 in
360 2104 422 2135 den
447 2103 572 2136 letzten
599 2104 616 2134 2
635 2104 758 2136 Jahren

88 2158 159 2180 war
177 2158 212 2180 es
230 2148 313 2180 nach
330 2148 368 2180 L.
395 2148 487 2180 nicht
508 2160 548 2180 zu
568 2149 661 2181 einer
680 2151 759 2182 offe—

88 2204 149 2225 nen
167 2193 324 2225 Schlacht
340 2194 542 2234 gekolnmen.
568 2213 612 2217 —-
638 2198 668 2226 et
683 2197 759 2227 ller—

87 2238 158 2271 cule
174 2243 238 2270 etc.
257 2239 301 2270 ist
319 2239 458 2272 weitere
469 2238 687 2282 Ausffihrung
696 2252 759 2272 von

88 2284 136 2326 §9
155 2285 220 2315 und
238 2295 303 2316 von
321 2284 540 2326 aliquamdiu,
558 2286 703 2318 welches
719 2297 758 2318 an

89 2329 157 2361 sich
184 2329 275 2361 nicht
298 2329 358 2361 auf
379 2330 452 2361 eine
479 2340 515 2361 so
535 2331 630 2371 lange
650 2332 761 2363 Dauer

87 2375 144 2406 des
167 2372 324 2416 Hampfes
351 2376 535 2407 schliessen
562 2376 667 2416 l'asst3
690 2378 760 2417 vgl.

87 2430 146 2451 zur
165 2420 386 2461 Schilderung
405 2420 458 2461 27,
478 2422 507 2461 2,
526 2422 585 2453 off.
599 2441 640 2444 —
658 2424 759 2464 signa

89 2470 164 2505 etc„
181 2465 248 2507 vgl.
267 2466 298 2506 4,
318 2465 371 2507 37,
394 2467 444 2499 ll.

138 2512 187 2543 11.
225 2521 287 2542 suo
321 2513 490 2553 quisquis,
529 2518 623 2544 sonst
656 2513 759 2545 findet

89 2555 158 2586 sich
185 2556 276 2587 mehr
304 2556 362 2588 das
380 2557 543 2590 Neutrum
574 2569 637 2589 von
667 2560 758 2600 quis-

87 2602 160 2642 quis
184 2600 215 2631 in
240 2601 352 2634 dieser
371 2602 495 2634 Weise
512 2608 596 2635 statt
618 2606 756 2646 quisque

838 1558 1033 1599 gebraucht,
1052 1568 1078 1590 s.
1098 1569 1138 1589 zu
1157 1558 1186 1599 3,
1206 1558 1260 1597 37,
1280 1559 1317 1597 73
1338 1559 1391 1598 25,
1411 1558 1464 1598 29,
1479 1562 1512 1598 6,

837 1604 986 1636 seltener
1004 1604 1061 1635 das
1076 1604 1191 1641 Maso„
1209 1615 1234 1635 5.
1250 1603 1379 1636 Tabula
1391 1603 1508 1636 Herae.

838 1649 860 1690 1,
883 1650 938 1681 13:
957 1649 1045 1690 quod
1060 1660 1254 1691 quemquem
1273 1651 1303 1681 Ιι.
1321 1649 1339 1680 l.
1355 1649 1514 1692 profiteri

836 1696 1013 1738 aput-tobim
1043 1694 1111 1726 Cic,
1131 1694 1221 1727 Fam.
1240 1697 1277 1733 6,
1310 1697 1340 1734 1,
1370 1696 1402 1726 l:
1429 1705 1510 1736 quo-

837 1752 975 1782 cumque
1000 1742 1033 1771 in
1059 1740 1124 1772 loeo
1143 1742 1292 1782 quisquis
1317 1743 1386 1780 Θεέ,
1418 1740 1509 1772 Ciris

837 1797 867 1818 v.
889 1786 941 1825 88,
962 1786 1110 1817 weshalb
1129 1796 1157 1817 a.
1176 1797 1207 1817 u.
1226 1786 1274 1818 St.
1300 1786 1509 1826 gewb'hnlich

835 1834 972 1874 quisque
988 1832 1123 1872 gelesen
1143 1831 1290 1862 wi1·d.-—
1307 1832 1510 1871 obnioee'etc„

836 1880 867 1917 (5,
891 1878 941 1917 12,
961 1877 990 1908 8.
1008 1895 1052 1899 -—
1079 1879 1239 1919 respecta,
1264 1877 1318 1917 32,
1349 1877 1397 1915 12,
1417 1877 1446 1908 S.
1467 1896 1509 1900 ——

836 1942 877 1945 —
895 1925 1032 1963 tenorq„
1053 1923 1083 1961 7,
1102 1923 1156 1962 40,
1175 1923 1204 1953 9.
1226 1941 1261 1945 —
1298 1924 1330 1953 ἰη
1365 1922 1508 1964 defatig.

836 1973 898 2000 etc.
911 1992 919 2005 ,
950 1969 1009 1999 der
1046 1966 1169 2010 Hampf
1199 1968 1314 1999 sehien
1352 1979 1414 1999 11111·
1449 1969 1509 2000 mit

834 2012 1284 2056 giinzlicherErscho‘pfung,
1303 2014 1394 2053 oder,
1413 2023 1507 2045 wenn

835 2059 888 2090 die
935 2057 1036 2090 Kraft
1091 2058 1142 2090 bis
1195 2059 1293 2090 dahin
1351 2059 1508 2099 aushielt,

835 2109 905 2136 erst
929 2104 990 2135 mit
1010 2103 1181 2136 Einbruch
1206 2105 1265 2136 der
1284 2104 1391 2136 Nacht
1417 2105 1509 2136 endi-

833 2160 895 2190 gen
915 2161 955 2181 zu
972 2149 1104 2181 wollen.
1136 2148 1247 2181 Ueber
1264 2153 1413 2193 spectare
1430 2152 1461 2181 2'11
1481 2161 1507 2182 5.

839 2198 865 2235 1,
884 2196 915 2235 9,
940 2196 969 2226 6.

884 2241 1024 2273 12-16,
1054 2241 1136 2271 virls
1154 2242 1240 2271 vires
1260 2241 1324 2273 wie
1342 2240 1362 2283 ξ
1381 2241 1414 2273 1]
1430 2252 1436 2272 :
1455 2251 1507 2272 re-

833 2288 1014 2328 splratfflne
1037 2288 1210 2327 respectm
1246 2286 1266 2328 ξ
1298 2286 1352 2318 13:
1379 2286 1508 2328 praeda

831 2331 1071 2374 praepedicmt3
1086 2333 1103 2370 ᾗ
1125 2332 1179 2363 14:
1196 2331 1350 2374 impediti
1366 2331 1505 2374 impedi-

835 2379 974 2415 mentis,
1004 2376 1280 2416 Annomination,
1311 2378 1347 2415 6,
1379 2377 1436 2417 22,
1468 2378 1505 2415 73

834 2422 988 2463 zugleich
1006 2422 1052 2453 ist
1068 2425 1115 2454 vis
1129 2423 1194 2454 und
1211 2424 1296 2454 vires
1306 2422 1507 2453 absichtlich

832 2469 1173 2508 zusammengestellt.
1189 2487 1231 2490 ——
1249 2468 1384 2508 longius
1399 2477 1505 2508 procu,

831 2513 880 2544 sie
900 2514 1054 2554 umgieng
1071 2514 1124 2545 die
1143 2513 1267 2545 Reihen
1294 2514 1352 2544 der
1372 2511 1502 2544 Rumor.

830 2577 874 2581 —
896 2560 969 2590 sine
990 2569 1122 2601 praes„
1152 2559 1235 2589 auch
1266 2558 1318 2589 die
1348 2557 1505 2588 Triarier

832 2604 978 2636 miissten
996 2604 1068 2635 also
1087 2604 1211 2635 bereits
1231 2603 1272 2634 im
1291 2601 1429 2644 Hampse
1444 2612 1502 2641 ge-
