1763 2983
109 198 134 217 a.
158 191 210 219 Ch.
229 190 291 218 314.
619 189 744 222 LIBER
769 189 828 222 IX.
866 190 958 222 CAP.
986 190 1038 223 25.
1071 191 1125 223 26.

1440 192 1520 232 323

109 292 261 342 pridem
284 296 512 341 exoptantes
537 291 770 329 Samnitium
792 292 1014 337 adventum,
1038 292 1151 330 simul
1175 291 1220 329 ad
1242 291 1423 331 Lautulas
1445 305 1519 344 pu—

109 353 269 398 gnatum
291 348 510 391 audierunt,
541 359 612 398 pro
642 347 749 384 victis
771 347 968 385 Romanos
1000 348 1199 393 habuisse,
1231 348 1432 388 iuventute
1461 362 1524 388 ar-

111 404 181 442 mis
199 404 415 443 Samnitem
431 403 596 450 iuvisse,
614 403 750 453 fugatis
769 403 860 441 inde
879 404 1118 443 Samnitibus
1135 405 1283 444 incerta
1298 417 1391 456 pace
1409 418 1521 456 agere
1551 417 1570 446 (5

109 472 181 499 nec
203 460 415 499 claudentis
436 466 567 511 portas
588 459 788 506 Romanis,
822 471 870 498 ne
891 465 1085 499 arcessant
1106 461 1263 507 bellum,
1295 467 1331 499 et
1353 461 1526 501 obstina—

110 522 171 555 tos
192 517 382 563 claudere,
406 517 439 555 si
461 517 653 555 exercitus
676 516 946 555 admoveatur:
970 517 1008 554 in
1033 530 1076 555 ea
1097 517 1348 556 fluctuatione
1370 518 1524 557 animo-

110 585 197 612 rum
228 573 394 624 opprimi
423 573 598 612 incautos
629 585 756 623 posse.
799 573 856 611 his
887 573 1107 611 auctoribus
1134 579 1236 611 mota
1266 575 1428 625 propius
1460 588 1523 614 ca«
1553 582 1570 611 7

109 636 198 675 stra,
228 630 414 681 missique
443 630 581 669 eodem
612 634 789 680 tempore
812 630 911 667 circa
933 630 1004 667 tria
1027 629 1166 679 oppida
1196 630 1351 676 milites,
1382 632 1524 682 partim

112 687 267 733 armati,
299 687 365 737 qui
388 687 528 725 occulti
550 687 766 737 propinqua
788 685 994 724 moenibus
1017 685 1231 723 insiderent
1253 687 1352 734 loca,
1384 689 1524 738 partim

111 743 230 793 togati
250 743 362 781 tectis
384 748 491 781 veste
513 743 660 793 gladiis,
684 743 749 792 qui
773 742 844 780 sub
867 742 994 780 lucem
1016 742 1160 793 apertis
1183 743 1305 792 portis
1325 743 1440 782 urbes
1462 745 1525 782 in-

112 800 378 850 grederentur.
420 799 465 839 ab
499 800 558 837 liis
587 799 705 837 simul
728 799 909 837 custodes
931 798 1115 837 trucidari
1136 799 1276 849 coepti,
1309 800 1426 839 simul
1457 802 1524 839 da-
1555 816 1573 843 s

111 863 196 896 tum
219 856 373 907 signum
396 856 564 901 armatis,
589 860 632 894 ut
654 868 699 893 ex
721 855 871 894 insidiis
895 861 1187 894 concurrerent.
1229 856 1282 894 ita
1303 862 1438 907 portae
1460 870 1527 896 oc-

113 918 293 964 cupatae,
321 913 474 964 triaque
506 912 646 963 oppida
678 912 814 950 eadem
844 913 938 951 hora
967 913 1184 963 eodemque
1212 913 1373 951 consilio
1404 920 1524 966 capta.

113 970 181 1008 sed
212 970 299 1020 quia
329 969 556 1008 absentibus
589 969 753 1007 ducibus
785 969 956 1020 impetus
980 974 1039 1007 est
1060 969 1198 1014 factus,
1235 971 1364 1009 nullus
1387 972 1527 1010 modus
1558 983 1576 1014 9

115 1026 297 1065 caedibus
319 1026 410 1073 fuit,
434 1026 637 1076 deletaque
653 1026 854 1064 Ausonum
877 1038 971 1076 gens
996 1026 1054 1064 vix
1076 1031 1183 1064 certo
1207 1027 1436 1066 defectionis
1455 1029 1531 1067 cri-

118 1083 232 1127 mine,
256 1083 415 1133 perinde
439 1096 481 1121 ac
503 1083 535 1120 si
556 1082 794 1120 internecivo
817 1082 915 1120 bello
939 1088 1138 1121 certasset.

230 1139 375 1178 Eodem
408 1151 510 1177 anno
542 1139 694 1189 prodito
726 1138 914 1177 hostibus
938 1139 1114 1177 Romano
1145 1140 1339 1190 praesidio
1370 1141 1529 1180 Luceria
1555 1141 1609 1179 26

119 1196 349 1235 Samnitium
382 1196 493 1234 farta.
534 1207 607 1234 nec
639 1196 704 1233 diu
734 1196 998 1246 proditoribus
1020 1196 1196 1247 inpunita
1218 1210 1279 1236 res
1301 1197 1392 1236 fuit:
1425 1198 1528 1236 haud
1560 1204 1577 1235 2

122 1253 254 1303 procul
286 1253 374 1291 inde
408 1252 600 1290 exercitus
632 1252 830 1291 Romanus
862 1258 955 1298 erat,
988 1252 1096 1291 cuius
1118 1254 1246 1304 primo
1267 1254 1418 1304 impetu
1439 1254 1533 1293 urbs

121 1310 190 1347 sita
221 1310 259 1347 in
292 1309 406 1360 plano
439 1309 597 1360 capitur.
644 1308 824 1347 Lucerini
856 1322 899 1347 ac
921 1308 1118 1348 Samnites
1150 1311 1195 1348 ad
1225 1310 1535 1350 internecionem

119 1365 232 1410 caesi,
266 1378 390 1416 eoque
423 1366 475 1404 ira
506 1365 704 1416 processit,
738 1371 779 1402 ut
808 1365 953 1403 Romae
986 1378 1152 1415 quoque,
1185 1380 1274 1406 cum
1307 1368 1354 1405 de
1383 1367 1530 1406 colonis
1561 1373 1579 1404 3

120 1422 321 1460 mittendis
339 1422 538 1460 Luceriam
557 1422 826 1460 consuleretur
843 1426 1012 1467 senatus,
1039 1422 1149 1460 multi
1169 1423 1374 1463 delendam
1397 1423 1537 1463 urbem

120 1483 337 1517 censerent.
379 1483 532 1529 praeter
561 1478 711 1523 odium,
743 1478 844 1528 quod
869 1478 1102 1517 exsecrabile
1133 1479 1171 1518 in
1199 1480 1256 1518 bis
1280 1486 1414 1531 captos
1438 1486 1532 1526 erat,
1562 1488 1582 1518 4

121 1535 380 1586 longinquitas
403 1547 556 1586 quoque
579 1534 789 1573 abhorrere
813 1548 832 1573 a
854 1535 1066 1585 relegandis
1088 1541 1166 1574 tam
1192 1538 1323 1587 procul
1348 1537 1395 1575 ab
1417 1537 1532 1575 domo

122 1686 314 1728 Asyndeton
342 1697 366 1717 s.
396 1687 426 1727 S,
456 1688 505 1725 10,
532 1688 561 1718 3.
581 1704 623 1709 -—-
647 1686 791 1727 advent„

123 1732 175 1762 die
194 1730 361 1763 Samniten
379 1732 534 1764 scheinen
555 1732 644 1763 nicht
671 1732 722 1763 bis
753 1742 791 1763 an

124 1777 174 1807 die
199 1775 370 1808 einzelnen
398 1777 514 1809 Stiidtc
541 1777 735 1817 gekommen
754 1788 792 1808 zu

123 1822 205 1863 sein,
223 1827 319 1853 sonst
335 1823 450 1854 wiirde
467 1823 524 1853 das
536 1822 638 1854 NVort
656 1823 718 1854 mit
734 1822 795 1853 ad-

126 1870 218 1898 venta
236 1866 255 1908 ξ
275 1868 293 1898 2
311 1868 401 1899 nicht
419 1878 607 1900 zusammen
628 1868 792 1899 stinnnen.

125 1931 166 1935 —
184 1912 375 1955 audierant,
394 1913 445 1944 iib.
465 1915 525 1944 den
546 1913 685 1945 Iudicat.
707 1924 731 1945 s.
753 1924 793 1944 zu

126 1959 156 1999 2,
175 1957 227 1996 58,
247 1960 285 1997 53
304 1959 357 1999 37,
377 1959 430 1999 34,
450 1959 480 1999 6,
496 1959 669 1999 x·g1.o.41,
692 1960 793 1990 16.—

124 2005 342 2044 iuventutea„
358 2004 554 2035 bewaffnete
565 2003 792 2042 Mannschaft,

126 2058 162 2080 es
191 2048 265 2079 sind
299 2049 366 2080 wol
392 2048 602 2090 Freiwillige
637 2049 794 2090 gemeint,

125 2098 219 2125 sonst
242 2094 355 2126 waren
375 2094 424 2126 sie
453 2094 579 2125 bereits
606 2093 794 2134 abgefallen

125 2147 290 2179 gewesen,
309 2150 334 2170 s.
354 2139 384 2180 6,
404 2139 433 2178 6,
452 2140 482 2171 4.
501 2158 543 2161 ——
558 2141 684 2171 ineerta
697 2151 745 2182 μ,
764 2139 795 2170 in

126 2184 233 2215 einem
250 2184 354 2215 durch
380 2194 441 2215 nec
458 2203 500 2207 -—
517 2187 560 2225 et,
592 2195 684 2216 zwar
707 2185 796 2215 nicht

125 2246 168 2251 —
195 2229 274 2260 aber
300 2230 394 2269 doch,
420 2230 589 2261 erklarten
615 2229 795 2269 Zustande,

128 2274 187 2305 der
205 2274 316 2306 weder
331 2273 436 2315 Hrieg
454 2275 537 2305 noch
550 2273 695 2306 Frieden
713 2285 797 2314 war,

127 2319 195 2359 vgl.
216 2319 246 2359 8,
269 2319 323 2360 13,
342 2320 359 2350 2
373 2319 422 2357 ff.;
449 2329 551 2361 agere
568 2330 593 2351 s.
613 2332 640 2351 c.
665 2322 718 2357 20,
747 2322 796 2352 10.

129 2382 171 2386 ——
188 2363 352 2404 claudere,
378 2364 442 2395 wie
471 2375 498 2397 e.
530 2364 584 2405 32,
608 2365 645 2405 93
673 2365 739 2404 vgl.
766 2365 796 2405 ὅ,

132 2409 161 2449 3,
178 2409 209 2441 9.

178 2498 273 2529 7-9.
324 2501 466 2541 apertis,
515 2510 611 2532 wenn
653 2501 798 2540 geiill'net.

131 2543 253 2574 wiiren.
269 2562 310 2565 —
328 2546 477 2585 signam,
492 2546 550 2576 das
566 2546 798 2585 verabredete,

133 2598 160 2618 c.
179 2587 233 2629 23,
260 2590 309 2620 15.
327 2606 369 2611 -—
387 2590 582 2621 absentibus
604 2590 688 2631 (lucu,
715 2591 795 2621 wel-

867 1687 925 1719 che
944 1687 976 1718 in
996 1687 1066 1718 dem
1085 1686 1194 1727 Lagei·
1210 1687 1384 1727 geblieben
1408 1697 1534 1720 waren.

866 1751 909 1754 —
929 1735 986 1763 vla*
1004 1743 1027 1763 c.
1048 1731 1078 1763 (Ι.
1097 1744 1122 1763 e.
1149 1733 1262 1765 deutet
1287 1733 1339 1764 die
1356 1732 1536 1764 Missbilli-

867 1789 954 1818 gung
978 1777 1035 1808 L’s
1061 1788 1110 1809 an.
1162 1778 1230 1809 Der
1256 1788 1359 1819 ganze
1376 1778 1535 1819 Vorgang

867 1823 997 1854 scheint
1016 1834 1078 1854 von
1093 1822 1231 1855 Persius
1245 1824 1274 1854 in
1291 1823 1398 1856 einem
1414 1823 1535 1855 Drama

868 1869 1045 1900 behandelt
1063 1870 1199 1900 worden
1220 1880 1260 1900 zu
1278 1869 1361 1903 sein.

913 1954 983 1992 b26.
1022 1962 1115 1993 1—4.
1142 1959 1294 2000 Luceria,
1313 1972 1340 1991 c.
1359 1960 1416 2000 153
1436 1972 1464 1992 c.
1484 1960 1536 1999 20,

868 2005 896 2035 S.
918 2005 1150 2049 —ltavdp1·.,
1177 2007 1236 2037 der
1255 2004 1361 2046 Hrieg
1384 2005 1429 2037 ist
1454 2005 1537 2045 also,

867 2060 936 2082 was
956 2051 1038 2082 nach
1056 2051 1146 2091 c.⁴23,
1168 2053 1179 2083 1
1204 2051 1293 2081 nicht
1311 2061 1351 2081 zu
1369 2055 1536 2082 erwarten

867 2106 948 2135 war,
974 2097 1056 2128 auch
1078 2097 1111 2127 in
1129 2095 1274 2137 Apulien
1292 2095 1425 2136 geffihrt
1449 2105 1538 2127 wor-

869 2142 942 2181 den,
960 2141 1055 2172 Diod.
1080 2142 1127 2181 19,
1149 2141 1201 2172 72.
1220 2160 1262 2163 —
1282 2140 1461 2182 Samnitem,
1487 2141 1539 2172 die

868 2186 1056 2227 Besatzung
1079 2197 1143 2217 von
1163 2185 1318 2217 Luceria.
1348 2203 1391 2208 —
1421 2186 1471 2216 bis
1500 2196 1538 2223 c.,

868 2232 936 2271 vgl.
968 2232 1023 2271 40,
1042 2231 1095 2270 39,
1120 2231 1157 2262 S:
1184 2241 1258 2262 cam
1284 2232 1332 2262 bis
1349 2229 1479 2262 deditis.
1497 2249 1541 2254 —

870 2286 999 2308 exsecr.
1014 2287 1078 2307 von
1089 2276 1418 2317 Verwiinschungen‚
1430 2275 1542 2307 Erbit-

870 2326 1000 2361 terung,
1020 2321 1116 2362 Hass,
1135 2332 1160 2352 s.
1177 2321 1214 2352 31
1234 2321 1299 2361 ‚17‚
1315 2320 1540 2360 939,14,14.

870 2384 912 2389 —
943 2367 1077 2398 abliorr.
1111 2366 1258 2407 cog-ebat,
1292 2376 1411 2406 zwang
1442 2365 1542 2396 abzu-

874 2412 1002 2448 stehen,
1021 2412 1101 2443 aber
1118 2411 1168 2443 als
1182 2415 1320 2442 conatus
1339 2421 1378 2441 zu
1394 2410 1541 2441 nehmen.

873 2473 917 2478 —
951 2456 1130 2499 relegand„
1162 2466 1259 2487 wenn
1285 2455 1368 2487 auch
1394 2455 1483 2486 nicht
1509 2455 1541 2485 in

876 2501 946 2532 dem
974 2502 1004 2542 3,
1031 2502 1083 2539 10,
1113 2501 1151 2532 12
1181 2500 1413 2541 angegebenen
1431 2499 1543 2539 Sinne,

877 2546 961 2577 doch
986 2547 1046 2578 init
1070 2547 1141 2577 dem
1166 2544 1421 2584 Nebenbegriffe
1452 2545 1545 2576 einer

872 2592 1007 2627 weiten,
1041 2591 1131 2622 nicht
1164 2589 1382 2621 ehrenvollen
1408 2587 1545 2621 Entser-

1191 2646 1256 2678 21*
