1763 2983
186 245 220 275 17

730 127 852 161 LlBER
880 127 939 161 lx.
981 127 1073 162 CAP.
1100 129 1154 162 34.
1506 138 1530 156 a.
1549 139 1576 157 u.
1597 130 1658 158 444.

253 131 331 169 344

251 233 356 271 solus
386 244 527 283 geram.
574 232 647 270 hoc
677 231 831 282 quidem
863 231 935 270 iam
965 244 1083 283 regno
1112 232 1236 271 simile
1264 238 1331 272 est.
1388 244 1434 272 an
1471 233 1655 284 collegam

247 288 489 338 subrogabis.
520 300 635 339 quem
666 299 714 327 ne
743 287 782 326 in
803 288 998 327 demortui
1026 288 1184 340 quidem
1214 289 1341 328 locum
1372 289 1573 340 subrogari
1600 291 1657 330 fas

184 357 220 388 ιε
250 343 336 383 est?
357 345 529 396 paenitet
551 345 671 391 enim,
700 345 802 396 quod
832 345 1143 396 antiquissimum
1170 345 1358 384 sollemne
1389 350 1428 384 et
1457 346 1583 385 solum
1611 347 1657 386 ab

180 462 218 494 19

177 687 217 717 20

176 802 213 834 21

173 1087 214 1118 22

172 1202 213 1233 23

245 402 341 452 ipso.
364 401 424 440 cui
446 401 499 439 fit.
522 401 747 440 institutum
766 401 850 447 deo,
872 402 917 441 ab
936 402 1186 441 nobilissimis
1204 401 1443 441 antistitibus
1461 401 1541 441 eius
1558 404 1657 442 sacri

248 458 292 497 ad
315 469 514 497 servorum
539 457 799 496 ministerium
820 458 1021 510 religiosus
1043 470 1181 496 censor
1202 458 1412 504 deduxisti,
1439 470 1534 510 gens
1556 459 1657 498 anti-

246 514 359 566 quior
375 514 584 565 originibus
602 514 709 553 urbis
726 514 852 560 huius,
870 515 1038 566 hospitio
1057 514 1218 552 deorum
1236 514 1501 554 inmortalium
1513 520 1656 563 sancta,

244 575 406 634 propter
426 576 463 609 te
485 583 528 609 ac
548 575 653 609 tuam
677 582 880 610 censuram
904 572 1001 610 intra
1023 583 1168 610 annum
1193 571 1238 609 ab
1259 571 1380 622 stirpe
1403 571 1570 610 extincta
1585 578 1656 619 est,

244 627 316 666 nisi
342 627 559 666 universam
582 639 664 665 rem
687 627 879 679 publicam
902 640 946 665 eo
968 627 1114 666 nefario
1137 627 1408 668 obstrinxeris,
1430 629 1532 679 quod
1556 629 1656 668 omi-

247 683 329 723 nari
351 683 467 723 etiam
489 683 716 723 reformidat
736 685 901 723 animus.
938 684 1030 722 urbs
1053 696 1097 722 eo
1119 684 1240 723 lustro
1263 689 1370 735 capta
1393 690 1467 728 est
1490 697 1566 736 quo
1588 686 1656 725 de-

244 746 398 779 mortuo
422 740 580 792 collega,
611 741 651 779 C.
675 741 769 779 Iulio
792 752 970 785 censore,
998 740 1039 779 L.
1063 740 1238 792 Papirius
1262 741 1426 785 Cursor,
1463 753 1513 780 ne
1536 742 1658 782 abiret.

247 797 487 847 magistratu,
510 798 557 836 M.
577 797 797 836 Cornelium
815 796 1119 847 Maluginensem
1143 798 1326 848 collegam
1348 798 1582 849 subrogavit.
1621 805 1658 838 et

246 858 388 904 quanto
411 854 624 893 modestior
646 854 747 892 illius
770 854 956 905 cupiditas
976 854 1050 892 fuit
1072 866 1186 905 quam
1208 859 1286 897 tua,
1308 852 1437 906 Appi?
1460 867 1531 893 nec
1551 855 1656 895 solus

246 923 319 949 nec
339 911 438 949 ultra
461 911 613 948 finitum
631 912 711 960 lege
729 914 882 961 tempus
899 910 941 948 L.
961 910 1137 961 Papirius
1155 922 1360 950 censuram
1377 911 1511 962 gessit3
1528 916 1655 951 tamen

246 967 441 1005 neminem
477 967 637 1011 invenit,
675 967 739 1017 qui
777 979 817 1005 se
846 972 978 1017 postea
1007 972 1205 1006 auctorem
1235 973 1483 1018 sequeretur,
1519 981 1656 1007 omnes

246 1023 427 1074 deinceps
444 1035 629 1062 censores
647 1028 736 1074 post
751 1028 918 1061 mortem
937 1023 1101 1073 collegae
1117 1036 1157 1062 se
1174 1024 1400 1074 magistratu
1418 1024 1655 1063 abdicarunt.

242 1084 282 1118 te
318 1091 391 1118 nec
427 1080 529 1130 quod
567 1079 648 1118 dies
685 1079 762 1117 exit
788 1091 984 1126 censurae,
1026 1091 1098 1119 nec
1129 1081 1231 1131 quod
1262 1080 1404 1131 collega
1430 1081 1656 1131 magistratu

240 1135 343 1181 abiit,
366 1147 439 1174 nec
458 1136 516 1174 lex
538 1147 609 1174 nec
624 1137 752 1187 pudor
769 1141 938 1175 coercet:
960 1136 1143 1175 virtutem
1160 1137 1199 1175 in
1216 1137 1406 1188 superbia,
1430 1137 1469 1175 in
1485 1138 1655 1184 audacia,

243 1192 280 1230 in
305 1197 535 1243 contemptu
556 1193 717 1232 deorum
741 1192 1025 1243 hominumque
1047 1192 1175 1244 ponis.
1226 1206 1296 1244 ego
1318 1199 1367 1240 te,
1390 1193 1488 1244 Appi
1510 1194 1653 1241 Claudi,

242 1261 312 1299 pro
342 1248 450 1287 istius
480 1249 730 1299 magistratus
760 1250 959 1288 maiestate
986 1261 1028 1288 ac
1057 1250 1305 1296 verecundia,
1347 1261 1462 1302 quem
1491 1251 1655 1301 gessisti,

243 1339 377 1380 nologie
390 1339 422 1371 S.
439 1339 500 1377 96;
523 1339 583 1371 163
593 1338 627 1380 f.‚
646 1339 839 1382 Nipperdey
857 1339 911 1371 die

241 1384 333 1425 leges
358 1384 495 1416 annales
515 1384 545 1416 d.
572 1394 673 1416 roem.
694 1384 860 1426 Republik
878 1383 909 1415 S.

243 1430 286 1460 64
297 1428 319 1461 f.
336 1448 378 1452 —-
388 1429 489 1469 solus,
505 1429 559 1461 ein
569 1429 745 1470 wichtiges
753 1428 911 1470 Moment‚

246 1485 270 1505 s.
291 1485 319 1506 c.
341 1474 394 1514 29,
414 1474 443 1515 8,
462 1475 492 1513 5,
512 1474 567 1514 31,
586 1475 616 1506 7.
637 1493 679 1497 -—
697 1484 851 1516 regnum,
881 1473 911 1514 3,

245 1519 294 1559 38,
316 1521 350 1557 1;
370 1521 400 1559 5,
420 1519 450 1561 2,
469 1519 499 1551 8.

293 1564 434 1596 17—22.
461 1563 549 1595 Will
566 1564 690 1606 Appius
716 1563 812 1596 einen
831 1563 910 1595 Col-

245 1610 340 1650 legen
368 1609 582 1641 nac-hw'ahlen
607 1609 730 1648 lassen,
763 1619 798 1640 so
824 1609 911 1640 wird

245 1664 280 1686 er
307 1655 367 1686 den
387 1654 483 1686 Staat
508 1654 542 1686 in
567 1664 703 1695 grosses
717 1653 911 1686 Verderben

244 1700 392 1739 stiirzen,
422 1700 488 1731 wie
515 1710 551 1731 er
575 1700 677 1731 sehon
703 1699 764 1730 den
791 1699 913 1731 Unter-

243 1754 329 1785 gang
355 1745 412 1776 des
433 1744 672 1776 Geschlechtes
698 1744 757 1776 der·
771 1743 913 1776 Potitier

245 1790 435 1822 veranlasst
452 1790 519 1821 hat.
534 1809 576 1813 —
590 1789 741 1830 demort.,
762 1800 788 1821 s.
807 1791 837 1829 6,
857 1790 910 1829 27,

243 1836 273 1865 4.
292 1853 334 1857 ——
355 1836 475 1877 poenit.
506 1836 611 1867 em'm:
638 1835 680 1866 du
697 1835 803 1867 willst
829 1835 913 1866 noch

244 1880 339 1912 einen
381 1882 560 1920 grosseren
592 1880 714 1913 Frevel
756 1879 912 1921 begehen,

243 1925 328 1956 deun
354 1935 388 1956 es
405 1925 452 1957 ist
470 1926 522 1957 dir
539 1925 630 1957 nicht
647 1935 756 1967 genug
773 1936 804 1957 u.
824 1935 850 1956 s.
869 1934 910 1956 w.

243 1988 287 1992 —
303 1970 343 2001 ab
360 1972 417 2013 ip„
435 1980 462 2002 c.
479 1971 522 2012 fi,
540 1970 583 2003 ist
603 1971 631 2011 1,
650 1971 679 2009 7,
702 1972 736 2004 11
767 1970 858 2002 nicht
874 1981 911 2002 so

245 2015 411 2046 bestimmt
424 2017 700 2058 ausgesprochen,
719 2015 913 2057 Schwegler

251 2062 275 2097 1,
295 2059 369 2091 369.
397 2079 438 2083 --
463 2062 504 2091 ab
530 2062 598 2092 nob.
626 2066 700 2101 etc„
729 2073 756 2092 e.
777 2062 831 2101 23,
850 2060 911 2092 9ff.

245 2124 286 2128 —
304 2104 463 2147 religios„
477 2106 734 2146 gewissenhaft3
754 2106 911 2138 ironisch.

245 2169 285 2173 -—
304 2151 407 2192 hosp„
436 2151 507 2182 also
532 2151 622 2183 nicht
639 2151 805 2191 Evander,
834 2162 912 2183 son-

245 2196 324 2226 dern
342 2195 394 2226 die
411 2195 563 2228 Potitier.
578 2217 619 2219 —
638 2197 739 2237 deor„
759 2199 815 2229 des
826 2197 910 2228 Her-

244 2240 345 2271 eules.
376 2259 417 2263 ——
445 2245 643 2283 propterte,
662 2244 692 2282 8,
713 2244 765 2283 33,
784 2244 836 2276 21.
867 2262 908 2265 -

243 2287 317 2324 nisi,
338 2296 431 2316 wenn
452 2287 492 2317 du
513 2287 602 2318 nicht
621 2289 721 2328 aui-h,
748 2289 777 2319 in
797 2288 909 2319 Bezie-

242 2332 331 2369 hung
349 2330 612 2373 auspaem'tei.——
624 2335 793 2374 eonesar„
812 2334 907 2365 einen

246 2376 406 2415 (solcheu)
425 2376 548 2410 Frevel
580 2389 608 2409 u
630 2389 655 2409 s.
676 2388 716 2410 w
729 2403 736 2418 ,
764 2379 909 2410 niimlich

181 2439 185 2442 ·
244 2422 302 2452 der
326 2422 378 2452 ein
399 2421 558 2464 [ngliiek,
586 2424 651 2455 xiie
668 2424 726 2455 das
753 2424 772 2465 ξ
792 2425 833 2455 20
852 2426 910 2456 be-

244 2466 426 2518 zeichnete,
439 2469 633 2501 herbeifuhr
636 2479 674 2501 en
690 2480 718 2500 w
723 2470 752 2501 ir
755 2470 784 2501 d.
813 2473 910 2513 nefa-

244 2521 294 2542 reo
324 2511 368 2544 ist
386 2513 582 2546 Substantiv
611 2516 802 2556 gewmdeu,
832 2527 857 2548 s.
878 2517 908 2555 4,

990 1339 1040 1379 13,
1058 1340 1088 1371 9.
1107 1358 1149 1362 -
1173 1339 1399 1382 reformidat,
1423 1350 1449 1372 s.
1470 1341 1499 1381 7,
1519 1340 1573 1382 30,
1591 1341 1654 1381 233

986 1384 1017 1425 3,
1038 1385 1091 1425 61,
1110 1386 1141 1425 5,
1163 1384 1295 1417 bezieht
1312 1385 1383 1417 sich
1406 1386 1499 1417 mehr
1523 1384 1582 1418 auf
1596 1386 1654 1418 das

986 1429 1058 1461 dem
1074 1430 1250 1472 nefarium
1259 1428 1412 1471 folgende
1422 1429 1584 1471 Ungliick,
1602 1431 1652 1463 als

985 1473 1045 1506 auf
1058 1474 1168 1506 dieses
1187 1474 1303 1507 selbst.
1314 1475 1446 1507 —urbs
1460 1480 1535 1514 etc.,
1553 1476 1653 1508 nach-

985 1519 1199 1552 driickliches
1224 1520 1431 1564 Asyndeton.
1458 1539 1502 1543 --
1526 1521 1654 1562 colleg-a

984 1564 1056 1595 halt
1072 1564 1208 1605 Madvig
1223 1564 1278 1597 fiir
1294 1566 1426 1597 unaeht.
1450 1584 1492 1588 -—
1516 1577 1557 1598 ne
1568 1567 1651 1598 abir.

984 1613 1047 1640 etc.
1074 1611 1152 1651 geht
1177 1609 1235 1641 auf
1255 1609 1276 1652 ξ
1300 1611 1353 1642 17:
1379 1621 1421 1642 an
1445 1615 1507 1642 ete.
1526 1611 1652 1643 zuriick

984 1655 1050 1686 und
1076 1655 1247 1686 vollendet
1273 1656 1334 1688 den
1361 1656 1509 1688 Schluss.
1539 1674 1584 1679 —
1616 1656 1651 1688 L.

986 1700 1144 1742 Papirius
1166 1705 1231 1732 etc.
1249 1710 1395 1741 genauer
1419 1702 1470 1733 als
1497 1703 1527 1742 5,
1546 1701 1599 1741 31,
1619 1702 1650 1733 6.

985 1763 1027 1767 —
1041 1748 1117 1787 post
1133 1755 1177 1776 m.
1197 1745 1277 1785 coll„
1296 1746 1363 1786 vgl.
1376 1746 1428 1786 24,
1446 1747 1507 1784 433
1526 1746 1653 1778 Becker

986 1791 1016 1829 2,
1035 1792 1064 1830 2,
1087 1791 1149 1822 192
1159 1790 1181 1821 f.
1201 1810 1243 1813 -
1260 1794 1291 1822 te
1307 1802 1366 1823 nee
1385 1796 1447 1823 etc.
1467 1791 1572 1823 bildet
1589 1792 1650 1823 den
1669 1796 1672 1798 ’

986 1833 1174 1875 Gegensatz
1200 1847 1240 1867 zu
1266 1835 1286 1878 ξ
1306 1838 1358 1878 21,
1385 1837 1447 1868 und
1466 1836 1552 1869 fasst
1567 1837 1650 1869 alles

986 1879 1131 1922 Gesagte
1149 1891 1347 1913 zusammen.
1366 1900 1408 1904 —-
1424 1892 1483 1913 nec
1496 1881 1652 1914 lew—co-

985 1928 1074 1957 ercet
1082 1925 1310 1958 wiederholen
1325 1926 1502 1959 erklarend
1514 1927 1566 1959 die
1580 1927 1651 1960 bei-

985 1971 1045 2001 den
1059 1971 1262 2010 vorhergeh.
1282 1970 1430 2012 Glieder,
1456 1983 1490 2004 es
1508 1972 1555 2004 ist
1571 1973 1651 2014 dop-

986 2015 1090 2057 peltes
1108 2026 1280 2056 nec—nec,
1297 2027 1322 2048 s.
1342 2028 1368 2048 e.
1387 2017 1440 2057 24,
1461 2017 1490 2048 6,
1517 2036 1558 2040 —-
1584 2028 1646 2060 pu·

985 2060 1061 2102 (lor,
1088 2061 1118 2091 in
1138 2071 1173 2093 so
1192 2059 1264 2093 feru
1283 2072 1320 2093 er
1338 2063 1407 2094 sich
1424 2062 1515 2093 nicht
1533 2063 1651 2094 scheut

986 2106 1109 2137 seinem
1135 2105 1294 2148 Collegen
1324 2107 1515 2148 gegeniiber
1543 2112 1648 2139 etwas

985 2151 1040 2182 ibn
1058 2151 1164 2183 selbst
1180 2151 1408 2185 Entehrendes
1434 2163 1474 2184 zu
1492 2153 1591 2193 thun3
1616 2153 1648 2185 in

984 2197 1326 2239 andererBedeutung
1339 2199 1429 2240 5,46,
1444 2199 1473 2229 7.
1485 2217 1527 2221 —-·
1540 2197 1649 2231 Ueber

984 2243 1194 2273 emit—abiit
1219 2253 1243 2273 s.
1269 2242 1367 2284 §103
1395 2245 1453 2281 153
1480 2255 1507 2275 c.
1526 2244 1586 2280 33,
1610 2244 1646 2282 43

985 2286 1036 2327 29,
1050 2287 1079 2317 6.
1096 2305 1137 2309 ——
1156 2289 1310 2319 virtutem
1329 2294 1392 2320 etc.
1410 2288 1507 2330 fiigen
1526 2289 1650 2331 positiv

982 2332 1034 2363 die
1051 2332 1308 2372 Eigensehaften
1324 2335 1432 2376 hinzu,
1458 2344 1517 2365 aus
1544 2335 1647 2365 denen

982 2378 1040 2409 das
1058 2377 1296 2411 besohriebene
1307 2380 1491 2412 Versum-en
1510 2381 1648 2412 hervor-

981 2428 1068 2467 geht.

1027 2471 1170 2504 23—26.
1196 2474 1324 2504 mae‘est.
1342 2483 1381 2504 ae
1400 2484 1478 2515 ver„
1496 2474 1550 2506 die
1565 2474 1647 2506 Cen-

981 2528 1039 2550 sur
1056 2518 1125 2558 galt
1143 2518 1193 2549 als
1217 2519 1448 2550 sanctissimus
1471 2520 1646 2561 magistra-
