<?xml version="1.0" encoding="UTF-8"?>
<!DOCTYPE html PUBLIC "-//W3C//DTD XHTML 1.0 Transitional//EN"
    "http://www.w3.org/TR/xhtml1/DTD/xhtml1-transitional.dtd">
<html xmlns="http://www.w3.org/1999/xhtml" xml:lang="en" lang="en">
 <head>
  <title>
</title>
<meta http-equiv="Content-Type" content="text/html;charset=utf-8" />
  <meta name='ocr-system' content='tesseract 3.04.00' />
  <meta name='ocr-capabilities' content='ocr_page ocr_carea ocr_par ocr_line ocrx_word'/>
</head>
<body>
  <div class='ocr_page' id='page_1' title='image "./aburbeconditalib0304livyuoft_0902.png"; bbox 0 0 1763 2983; ppageno 0'>
   <div class='ocr_carea' id='block_1_1' title="bbox 221 231 1196 276">
    <p class='ocr_par' dir='ltr' id='par_1_1' title="bbox 221 231 1196 276">
     <span class='ocr_line' id='line_1_1' title="bbox 221 231 1196 276; baseline -0.011 0"><span class='ocrx_word' id='word_1_1' title='bbox 221 233 305 276; x_wconf 79' lang='lat'>372</span> <span class='ocrx_word' id='word_1_2' title='bbox 672 231 797 265; x_wconf 80' lang='lat' dir='ltr'>LIBER</span> <span class='ocrx_word' id='word_1_3' title='bbox 812 231 938 265; x_wconf 81' lang='lat' dir='ltr'>xxm.</span> <span class='ocrx_word' id='word_1_4' title='bbox 964 232 1056 265; x_wconf 81' lang='lat' dir='ltr'>CAP.</span> <span class='ocrx_word' id='word_1_5' title='bbox 1074 235 1128 267; x_wconf 83' lang='lat'>40.</span> <span class='ocrx_word' id='word_1_6' title='bbox 1143 235 1196 267; x_wconf 86' lang='lat'>41.</span> 
     </span>
    </p>
   </div>
   <div class='ocr_carea' id='block_1_2' title="bbox 1489 230 1642 257">
    <p class='ocr_par' dir='ltr' id='par_1_2' title="bbox 1489 230 1642 257">
     <span class='ocr_line' id='line_1_2' title="bbox 1489 230 1642 257; baseline 0 0"><span class='ocrx_word' id='word_1_7' title='bbox 1489 238 1515 257; x_wconf 84' lang='lat' dir='ltr'>a.</span> <span class='ocrx_word' id='word_1_8' title='bbox 1533 238 1562 257; x_wconf 87' lang='lat' dir='ltr'>u.</span> <span class='ocrx_word' id='word_1_9' title='bbox 1580 230 1642 257; x_wconf 79' lang='lat'><strong>539.</strong></span> 
     </span>
    </p>
   </div>
   <div class='ocr_carea' id='block_1_3' title="bbox 163 335 1644 900">
    <p class='ocr_par' dir='ltr' id='par_1_3' title="bbox 184 335 1644 501">
     <span class='ocr_line' id='line_1_3' title="bbox 184 335 1642 388; baseline -0.003 -10"><span class='ocrx_word' id='word_1_10' title='bbox 184 347 203 379; x_wconf 83' lang='lat' dir='ltr'>S</span> <span class='ocrx_word' id='word_1_11' title='bbox 223 336 453 384; x_wconf 78' lang='lat' dir='ltr'>Hasdrubal,</span> <span class='ocrx_word' id='word_1_12' title='bbox 486 336 606 388; x_wconf 89' lang='lat' dir='ltr'>copiis</span> <span class='ocrx_word' id='word_1_13' title='bbox 626 336 665 375; x_wconf 92' lang='lat' dir='ltr'>in</span> <span class='ocrx_word' id='word_1_14' title='bbox 690 341 832 375; x_wconf 86' lang='lat' dir='ltr'>terram</span> <span class='ocrx_word' id='word_1_15' title='bbox 854 336 1037 387; x_wconf 84' lang='lat' dir='ltr'>expositis</span> <span class='ocrx_word' id='word_1_16' title='bbox 1060 342 1097 376; x_wconf 85' lang='lat' dir='ltr'>et</span> <span class='ocrx_word' id='word_1_17' title='bbox 1119 336 1237 375; x_wconf 92' lang='lat' dir='ltr'>classe</span> <span class='ocrx_word' id='word_1_18' title='bbox 1259 336 1421 375; x_wconf 89' lang='lat' dir='ltr'>remissa</span> <span class='ocrx_word' id='word_1_19' title='bbox 1443 335 1642 386; x_wconf 85' lang='lat' dir='ltr'>Carthagi-</span> 
     </span>
     <span class='ocr_line' id='line_1_4' title="bbox 227 393 1641 444; baseline -0.002 -11"><span class='ocrx_word' id='word_1_20' title='bbox 227 406 331 440; x_wconf 98' lang='lat' dir='ltr'>nem,</span> <span class='ocrx_word' id='word_1_21' title='bbox 357 394 455 432; x_wconf 89' lang='lat' dir='ltr'>duce</span> <span class='ocrx_word' id='word_1_22' title='bbox 468 393 721 444; x_wconf 78' lang='lat' dir='ltr'>Hampsicora</span> <span class='ocrx_word' id='word_1_23' title='bbox 742 393 789 431; x_wconf 91' lang='lat' dir='ltr'>ad</span> <span class='ocrx_word' id='word_1_24' title='bbox 811 393 1009 432; x_wconf 89' lang='lat' dir='ltr'>sociorum</span> <span class='ocrx_word' id='word_1_25' title='bbox 1029 393 1165 444; x_wconf 89' lang='lat' dir='ltr'>populi</span> <span class='ocrx_word' id='word_1_26' title='bbox 1175 393 1341 432; x_wconf 90' lang='lat' dir='ltr'>Romani</span> <span class='ocrx_word' id='word_1_27' title='bbox 1352 405 1490 444; x_wconf 88' lang='lat' dir='ltr'>agrum</span> <span class='ocrx_word' id='word_1_28' title='bbox 1511 403 1641 443; x_wconf 82' lang='lat' dir='ltr'>popu-</span> 
     </span>
     <span class='ocr_line' id='line_1_5' title="bbox 223 448 1644 501; baseline -0.001 -12"><span class='ocrx_word' id='word_1_29' title='bbox 223 451 384 490; x_wconf 88' lang='lat' dir='ltr'>landum</span> <span class='ocrx_word' id='word_1_30' title='bbox 404 452 602 501; x_wconf 87' lang='lat' dir='ltr'>profectus</span> <span class='ocrx_word' id='word_1_31' title='bbox 626 450 764 489; x_wconf 88' lang='lat' dir='ltr'>Caralis</span> <span class='ocrx_word' id='word_1_32' title='bbox 786 454 1046 500; x_wconf 89' lang='lat' dir='ltr'>perventurus</span> <span class='ocrx_word' id='word_1_33' title='bbox 1071 455 1162 497; x_wconf 88' lang='lat' dir='ltr'>erat,</span> <span class='ocrx_word' id='word_1_34' title='bbox 1186 450 1226 488; x_wconf 91' lang='lat' dir='ltr'>ni</span> <span class='ocrx_word' id='word_1_35' title='bbox 1248 449 1413 488; x_wconf 87' lang='lat' dir='ltr'>Manlius</span> <span class='ocrx_word' id='word_1_36' title='bbox 1437 448 1550 487; x_wconf 92' lang='lat' dir='ltr'>obvio</span> <span class='ocrx_word' id='word_1_37' title='bbox 1572 461 1644 487; x_wconf 85' lang='lat' dir='ltr'>ex-</span> 
     </span>
    </p>

    <p class='ocr_par' dir='ltr' id='par_1_4' title="bbox 184 506 1641 671">
     <span class='ocr_line' id='line_1_6' title="bbox 184 506 1641 557; baseline -0.001 -11"><span class='ocrx_word' id='word_1_38' title='bbox 184 515 203 546; x_wconf 78' lang='lat'>9</span> <span class='ocrx_word' id='word_1_39' title='bbox 225 508 346 546; x_wconf 83' lang='lat' dir='ltr'>ercitu</span> <span class='ocrx_word' id='word_1_40' title='bbox 365 507 411 545; x_wconf 87' lang='lat' dir='ltr'>ab</span> <span class='ocrx_word' id='word_1_41' title='bbox 434 507 556 545; x_wconf 84' lang='lat' dir='ltr'>effusa</span> <span class='ocrx_word' id='word_1_42' title='bbox 577 519 666 545; x_wconf 90' lang='lat' dir='ltr'>eum</span> <span class='ocrx_word' id='word_1_43' title='bbox 692 506 942 557; x_wconf 81' lang='lat' dir='ltr'>populatione</span> <span class='ocrx_word' id='word_1_44' title='bbox 964 506 1229 545; x_wconf 83' lang='lat' dir='ltr'>continuisset.</span> <span class='ocrx_word' id='word_1_45' title='bbox 1275 506 1402 557; x_wconf 90' lang='lat' dir='ltr'>primo</span> <span class='ocrx_word' id='word_1_46' title='bbox 1429 511 1551 544; x_wconf 88' lang='lat' dir='ltr'>castra</span> <span class='ocrx_word' id='word_1_47' title='bbox 1576 517 1641 543; x_wconf 84' lang='lat' dir='ltr'>ca-</span> 
     </span>
     <span class='ocr_line' id='line_1_7' title="bbox 223 562 1640 613; baseline -0.002 -10"><span class='ocrx_word' id='word_1_48' title='bbox 223 565 312 604; x_wconf 85' lang='lat' dir='ltr'>stris</span> <span class='ocrx_word' id='word_1_49' title='bbox 340 564 494 602; x_wconf 89' lang='lat' dir='ltr'>modico</span> <span class='ocrx_word' id='word_1_50' title='bbox 516 563 715 602; x_wconf 87' lang='lat' dir='ltr'>intervallo</span> <span class='ocrx_word' id='word_1_51' title='bbox 740 569 828 601; x_wconf 89' lang='lat' dir='ltr'>sunt</span> <span class='ocrx_word' id='word_1_52' title='bbox 849 562 1018 609; x_wconf 82' lang='lat' dir='ltr'>obiecta;</span> <span class='ocrx_word' id='word_1_53' title='bbox 1050 563 1138 601; x_wconf 90' lang='lat' dir='ltr'>dein</span> <span class='ocrx_word' id='word_1_54' title='bbox 1158 575 1228 613; x_wconf 88' lang='lat' dir='ltr'>per</span> <span class='ocrx_word' id='word_1_55' title='bbox 1250 562 1564 613; x_wconf 79' lang='lat' dir='ltr'>procursationes</span> <span class='ocrx_word' id='word_1_56' title='bbox 1584 562 1640 600; x_wconf 91' lang='lat' dir='ltr'>le-</span> 
     </span>
     <span class='ocr_line' id='line_1_8' title="bbox 223 618 1641 671; baseline -0.001 -12"><span class='ocrx_word' id='word_1_57' title='bbox 223 621 283 660; x_wconf 76' lang='lat' dir='ltr'>via</span> <span class='ocrx_word' id='word_1_58' title='bbox 304 621 513 659; x_wconf 88' lang='lat' dir='ltr'>certamina</span> <span class='ocrx_word' id='word_1_59' title='bbox 533 620 638 659; x_wconf 76' lang='lat' dir='ltr'>vario</span> <span class='ocrx_word' id='word_1_60' title='bbox 662 625 803 658; x_wconf 81' lang='lat' dir='ltr'>eventu</span> <span class='ocrx_word' id='word_1_61' title='bbox 826 619 939 666; x_wconf 86' lang='lat' dir='ltr'>inita;</span> <span class='ocrx_word' id='word_1_62' title='bbox 970 624 1168 671; x_wconf 89' lang='lat' dir='ltr'>postremo</span> <span class='ocrx_word' id='word_1_63' title='bbox 1196 619 1427 658; x_wconf 86' lang='lat' dir='ltr'>descensum</span> <span class='ocrx_word' id='word_1_64' title='bbox 1447 619 1487 657; x_wconf 91' lang='lat' dir='ltr'>in</span> <span class='ocrx_word' id='word_1_65' title='bbox 1508 618 1641 657; x_wconf 83' lang='lat' dir='ltr'>aciem.</span> 
     </span>
    </p>

    <p class='ocr_par' dir='ltr' id='par_1_5' title="bbox 164 675 1643 843">
     <span class='ocr_line' id='line_1_9' title="bbox 164 675 1641 729; baseline -0.003 -11"><span class='ocrx_word' id='word_1_66' title='bbox 164 687 202 719; x_wconf 82' lang='lat'>10</span> <span class='ocrx_word' id='word_1_67' title='bbox 224 677 347 729; x_wconf 80' lang='lat' dir='ltr'>signis</span> <span class='ocrx_word' id='word_1_68' title='bbox 370 677 531 716; x_wconf 87' lang='lat' dir='ltr'>conlatis</span> <span class='ocrx_word' id='word_1_69' title='bbox 562 677 663 715; x_wconf 87' lang='lat' dir='ltr'>iusto</span> <span class='ocrx_word' id='word_1_70' title='bbox 694 676 842 726; x_wconf 89' lang='lat' dir='ltr'>proelio</span> <span class='ocrx_word' id='word_1_71' title='bbox 864 688 933 726; x_wconf 90' lang='lat' dir='ltr'>per</span> <span class='ocrx_word' id='word_1_72' title='bbox 957 682 1139 726; x_wconf 87' lang='lat' dir='ltr'>quattuor</span> <span class='ocrx_word' id='word_1_73' title='bbox 1161 676 1276 714; x_wconf 90' lang='lat' dir='ltr'>horas</span> <span class='ocrx_word' id='word_1_74' title='bbox 1298 685 1527 726; x_wconf 86' lang='lat' dir='ltr'>pugnatum.</span> <span class='ocrx_word' id='word_1_75' title='bbox 1575 675 1641 713; x_wconf 88' lang='lat' dir='ltr'>diu</span> 
     </span>
     <span class='ocr_line' id='line_1_10' title="bbox 222 732 1642 786; baseline -0.002 -13"><span class='ocrx_word' id='word_1_76' title='bbox 222 746 394 786; x_wconf 86' lang='lat' dir='ltr'>pugnam</span> <span class='ocrx_word' id='word_1_77' title='bbox 430 734 635 784; x_wconf 86' lang='lat' dir='ltr'>ancipitem</span> <span class='ocrx_word' id='word_1_78' title='bbox 665 732 786 771; x_wconf 90' lang='lat' dir='ltr'>Poeni</span> <span class='ocrx_word' id='word_1_79' title='bbox 817 733 946 771; x_wconf 89' lang='lat' dir='ltr'>Sardis</span> <span class='ocrx_word' id='word_1_80' title='bbox 987 733 1094 771; x_wconf 89' lang='lat' dir='ltr'>facile</span> <span class='ocrx_word' id='word_1_81' title='bbox 1124 732 1225 770; x_wconf 81' lang='lat' dir='ltr'>vinci</span> <span class='ocrx_word' id='word_1_82' title='bbox 1256 733 1422 771; x_wconf 88' lang='lat' dir='ltr'>adsuetis</span> <span class='ocrx_word' id='word_1_83' title='bbox 1453 734 1642 778; x_wconf 84' lang='lat' dir='ltr'>fecerunt,</span> 
     </span>
     <span class='ocr_line' id='line_1_11' title="bbox 222 789 1643 843; baseline -0.003 -14"><span class='ocrx_word' id='word_1_84' title='bbox 222 797 420 843; x_wconf 89' lang='lat' dir='ltr'>postremo</span> <span class='ocrx_word' id='word_1_85' title='bbox 448 796 484 829; x_wconf 91' lang='lat' dir='ltr'>et</span> <span class='ocrx_word' id='word_1_86' title='bbox 502 790 597 841; x_wconf 89' lang='lat' dir='ltr'>ipsi,</span> <span class='ocrx_word' id='word_1_87' title='bbox 630 801 720 828; x_wconf 90' lang='lat' dir='ltr'>cum</span> <span class='ocrx_word' id='word_1_88' title='bbox 745 789 875 828; x_wconf 89' lang='lat' dir='ltr'>omnia</span> <span class='ocrx_word' id='word_1_89' title='bbox 900 789 999 827; x_wconf 88' lang='lat' dir='ltr'>circa</span> <span class='ocrx_word' id='word_1_90' title='bbox 1020 795 1144 840; x_wconf 79' lang='lat' dir='ltr'>strage</span> <span class='ocrx_word' id='word_1_91' title='bbox 1168 801 1210 827; x_wconf 91' lang='lat' dir='ltr'>ac</span> <span class='ocrx_word' id='word_1_92' title='bbox 1233 791 1322 840; x_wconf 84' lang='lat' dir='ltr'>fuga</span> <span class='ocrx_word' id='word_1_93' title='bbox 1343 789 1557 828; x_wconf 80' lang='lat' dir='ltr'>Sardorum</span> <span class='ocrx_word' id='word_1_94' title='bbox 1577 800 1643 826; x_wconf 89' lang='lat' dir='ltr'>re-</span> 
     </span>
    </p>

    <p class='ocr_par' dir='ltr' id='par_1_6' title="bbox 163 845 1641 900">
     <span class='ocr_line' id='line_1_12' title="bbox 163 845 1641 900; baseline -0.003 -13"><span class='ocrx_word' id='word_1_95' title='bbox 163 857 200 888; x_wconf 82' lang='lat'>11</span> <span class='ocrx_word' id='word_1_96' title='bbox 223 848 321 900; x_wconf 89' lang='lat' dir='ltr'>pleta</span> <span class='ocrx_word' id='word_1_97' title='bbox 345 854 483 893; x_wconf 84' lang='lat' dir='ltr'>essent,</span> <span class='ocrx_word' id='word_1_98' title='bbox 505 847 605 893; x_wconf 71' lang='lat' dir='ltr'>fusi,</span> <span class='ocrx_word' id='word_1_99' title='bbox 633 852 805 884; x_wconf 88' lang='lat' dir='ltr'>ceterum</span> <span class='ocrx_word' id='word_1_100' title='bbox 825 853 929 896; x_wconf 84' lang='lat' dir='ltr'>terga</span> <span class='ocrx_word' id='word_1_101' title='bbox 949 846 1083 885; x_wconf 84' lang='lat' dir='ltr'>dantes</span> <span class='ocrx_word' id='word_1_102' title='bbox 1105 845 1370 884; x_wconf 87' lang='lat' dir='ltr'>circumducto</span> <span class='ocrx_word' id='word_1_103' title='bbox 1402 857 1537 892; x_wconf 88' lang='lat' dir='ltr'>cornu,</span> <span class='ocrx_word' id='word_1_104' title='bbox 1562 855 1641 895; x_wconf 84' lang='lat' dir='ltr'>quo</span> 
     </span>
    </p>
   </div>
   <div class='ocr_carea' id='block_1_4' title="bbox 223 903 1032 956">
    <p class='ocr_par' dir='ltr' id='par_1_7' title="bbox 223 903 1032 956">
     <span class='ocr_line' id='line_1_13' title="bbox 223 903 1032 956; baseline -0.004 -13"><span class='ocrx_word' id='word_1_105' title='bbox 223 905 424 956; x_wconf 80' lang='lat' dir='ltr'>pepulerat</span> <span class='ocrx_word' id='word_1_106' title='bbox 451 904 605 949; x_wconf 89' lang='lat' dir='ltr'>Sardos,</span> <span class='ocrx_word' id='word_1_107' title='bbox 635 903 790 941; x_wconf 86' lang='lat' dir='ltr'>inclusit</span> <span class='ocrx_word' id='word_1_108' title='bbox 819 903 1032 942; x_wconf 88' lang='lat' dir='ltr'>Romanus.</span> 
     </span>
    </p>
   </div>
   <div class='ocr_carea' id='block_1_5' title="bbox 1092 902 1643 952">
    <p class='ocr_par' dir='ltr' id='par_1_8' title="bbox 1092 902 1643 952">
     <span class='ocr_line' id='line_1_14' title="bbox 1092 902 1643 952; baseline -0.002 -12"><span class='ocrx_word' id='word_1_109' title='bbox 1092 902 1227 941; x_wconf 89' lang='lat' dir='ltr'>caedes</span> <span class='ocrx_word' id='word_1_110' title='bbox 1252 902 1342 940; x_wconf 89' lang='lat' dir='ltr'>inde</span> <span class='ocrx_word' id='word_1_111' title='bbox 1372 902 1492 952; x_wconf 87' lang='lat' dir='ltr'>magis</span> <span class='ocrx_word' id='word_1_112' title='bbox 1525 913 1643 952; x_wconf 84' lang='lat' dir='ltr'>quam</span> 
     </span>
    </p>
   </div>
   <div class='ocr_carea' id='block_1_6' title="bbox 145 957 1647 1748">
    <p class='ocr_par' dir='ltr' id='par_1_9' title="bbox 145 957 1647 1748">
     <span class='ocr_line' id='line_1_15' title="bbox 164 957 1642 1012; baseline -0.003 -12"><span class='ocrx_word' id='word_1_113' title='bbox 164 978 203 1010; x_wconf 77' lang='lat'>12</span> <span class='ocrx_word' id='word_1_114' title='bbox 223 974 353 1012; x_wconf 87' lang='lat' dir='ltr'>pugna</span> <span class='ocrx_word' id='word_1_115' title='bbox 376 961 458 999; x_wconf 82' lang='lat' dir='ltr'>fuit.</span> <span class='ocrx_word' id='word_1_116' title='bbox 497 959 703 998; x_wconf 86' lang='lat' dir='ltr'>duodecim</span> <span class='ocrx_word' id='word_1_117' title='bbox 724 959 826 998; x_wconf 88' lang='lat' dir='ltr'>milia</span> <span class='ocrx_word' id='word_1_118' title='bbox 850 959 1021 997; x_wconf 85' lang='lat' dir='ltr'>hostium</span> <span class='ocrx_word' id='word_1_119' title='bbox 1041 971 1147 997; x_wconf 86' lang='lat' dir='ltr'>caesa</span> <span class='ocrx_word' id='word_1_120' title='bbox 1169 959 1385 997; x_wconf 86' lang='lat' dir='ltr'>Sardorum</span> <span class='ocrx_word' id='word_1_121' title='bbox 1406 958 1522 997; x_wconf 89' lang='lat' dir='ltr'>simul</span> <span class='ocrx_word' id='word_1_122' title='bbox 1538 957 1642 996; x_wconf 81' lang='lat' dir='ltr'>Poe-</span> 
     </span>
     <span class='ocr_line' id='line_1_16' title="bbox 223 1014 1642 1069; baseline -0.003 -13"><span class='ocrx_word' id='word_1_123' title='bbox 223 1030 460 1069; x_wconf 87' lang='lat' dir='ltr'>norumque,</span> <span class='ocrx_word' id='word_1_124' title='bbox 494 1019 617 1055; x_wconf 87' lang='lat' dir='ltr'>ferme</span> <span class='ocrx_word' id='word_1_125' title='bbox 638 1016 708 1054; x_wconf 88' lang='lat' dir='ltr'>tria</span> <span class='ocrx_word' id='word_1_126' title='bbox 729 1016 831 1053; x_wconf 87' lang='lat' dir='ltr'>milia</span> <span class='ocrx_word' id='word_1_127' title='bbox 853 1021 889 1054; x_wconf 91' lang='lat' dir='ltr'>et</span> <span class='ocrx_word' id='word_1_128' title='bbox 909 1015 1139 1066; x_wconf 82' lang='lat' dir='ltr'>septingenti</span> <span class='ocrx_word' id='word_1_129' title='bbox 1157 1015 1254 1065; x_wconf 87' lang='lat' dir='ltr'>capti</span> <span class='ocrx_word' id='word_1_130' title='bbox 1277 1020 1313 1053; x_wconf 89' lang='lat' dir='ltr'>et</span> <span class='ocrx_word' id='word_1_131' title='bbox 1332 1015 1440 1065; x_wconf 88' lang='lat' dir='ltr'>signa</span> <span class='ocrx_word' id='word_1_132' title='bbox 1465 1014 1642 1053; x_wconf 89' lang='lat' dir='ltr'>militaria</span> 
     </span>
     <span class='ocr_line' id='line_1_17' title="bbox 145 1071 1645 1128; baseline -0.004 -14"><span class='ocrx_word' id='word_1_133' title='bbox 145 1088 202 1128; x_wconf 81' lang='lat'>41</span> <span class='ocrx_word' id='word_1_134' title='bbox 230 1080 377 1125; x_wconf 84' lang='lat' dir='ltr'>septem</span> <span class='ocrx_word' id='word_1_135' title='bbox 405 1080 441 1112; x_wconf 93' lang='lat' dir='ltr'>et</span> <span class='ocrx_word' id='word_1_136' title='bbox 472 1073 616 1124; x_wconf 87' lang='lat' dir='ltr'>viginti.</span> <span class='ocrx_word' id='word_1_137' title='bbox 664 1072 762 1111; x_wconf 87' lang='lat' dir='ltr'>Ante</span> <span class='ocrx_word' id='word_1_138' title='bbox 785 1072 915 1110; x_wconf 92' lang='lat' dir='ltr'>omnia</span> <span class='ocrx_word' id='word_1_139' title='bbox 938 1072 1078 1110; x_wconf 88' lang='lat' dir='ltr'>claram</span> <span class='ocrx_word' id='word_1_140' title='bbox 1101 1078 1137 1110; x_wconf 90' lang='lat' dir='ltr'>et</span> <span class='ocrx_word' id='word_1_141' title='bbox 1157 1071 1448 1110; x_wconf 85' lang='lat' dir='ltr'>memorabilem</span> <span class='ocrx_word' id='word_1_142' title='bbox 1471 1082 1645 1121; x_wconf 86' lang='lat' dir='ltr'>pugnam</span> 
     </span>
     <span class='ocr_line' id='line_1_18' title="bbox 225 1127 1643 1179; baseline -0.004 -9"><span class='ocrx_word' id='word_1_143' title='bbox 225 1131 313 1171; x_wconf 84' lang='lat' dir='ltr'>fecit</span> <span class='ocrx_word' id='word_1_144' title='bbox 333 1129 551 1169; x_wconf 84' lang='lat' dir='ltr'>Hasdrubal</span> <span class='ocrx_word' id='word_1_145' title='bbox 578 1130 788 1179; x_wconf 88' lang='lat' dir='ltr'>imperator</span> <span class='ocrx_word' id='word_1_146' title='bbox 816 1134 947 1179; x_wconf 81' lang='lat' dir='ltr'>captus</span> <span class='ocrx_word' id='word_1_147' title='bbox 969 1134 1005 1167; x_wconf 91' lang='lat' dir='ltr'>et</span> <span class='ocrx_word' id='word_1_148' title='bbox 1026 1128 1166 1166; x_wconf 90' lang='lat' dir='ltr'>Hanno</span> <span class='ocrx_word' id='word_1_149' title='bbox 1189 1133 1225 1167; x_wconf 91' lang='lat' dir='ltr'>et</span> <span class='ocrx_word' id='word_1_150' title='bbox 1246 1128 1354 1178; x_wconf 87' lang='lat' dir='ltr'>Mago</span> <span class='ocrx_word' id='word_1_151' title='bbox 1379 1127 1527 1166; x_wconf 87' lang='lat' dir='ltr'>nobiles</span> <span class='ocrx_word' id='word_1_152' title='bbox 1549 1127 1643 1165; x_wconf 91' lang='lat' dir='ltr'>Car—-</span> 
     </span>
     <span class='ocr_line' id='line_1_19' title="bbox 184 1184 1643 1238; baseline -0.003 -11"><span class='ocrx_word' id='word_1_153' title='bbox 184 1199 203 1230; x_wconf 81' lang='lat'>2</span> <span class='ocrx_word' id='word_1_154' title='bbox 224 1187 494 1238; x_wconf 80' lang='lat' dir='ltr'>thaginienses,</span> <span class='ocrx_word' id='word_1_155' title='bbox 515 1187 624 1237; x_wconf 86' lang='lat' dir='ltr'>Mago</span> <span class='ocrx_word' id='word_1_156' title='bbox 649 1198 695 1224; x_wconf 80' lang='lat' dir='ltr'>ex</span> <span class='ocrx_word' id='word_1_157' title='bbox 723 1190 833 1236; x_wconf 88' lang='lat' dir='ltr'>gente</span> <span class='ocrx_word' id='word_1_158' title='bbox 853 1185 1026 1231; x_wconf 87' lang='lat' dir='ltr'>Barcina,</span> <span class='ocrx_word' id='word_1_159' title='bbox 1050 1185 1270 1235; x_wconf 77' lang='lat' dir='ltr'>propinqua</span> <span class='ocrx_word' id='word_1_160' title='bbox 1292 1184 1519 1235; x_wconf 81' lang='lat' dir='ltr'>cognatione</span> <span class='ocrx_word' id='word_1_161' title='bbox 1534 1184 1643 1222; x_wconf 91' lang='lat' dir='ltr'>Han-</span> 
     </span>
     <span class='ocr_line' id='line_1_20' title="bbox 223 1240 1642 1292; baseline -0.004 -9"><span class='ocrx_word' id='word_1_162' title='bbox 223 1244 339 1283; x_wconf 87' lang='lat' dir='ltr'>nibali</span> <span class='ocrx_word' id='word_1_163' title='bbox 361 1245 527 1289; x_wconf 87' lang='lat' dir='ltr'>iunctus,</span> <span class='ocrx_word' id='word_1_164' title='bbox 550 1243 689 1281; x_wconf 88' lang='lat' dir='ltr'>Hanno</span> <span class='ocrx_word' id='word_1_165' title='bbox 714 1248 848 1280; x_wconf 85' lang='lat' dir='ltr'>auctor</span> <span class='ocrx_word' id='word_1_166' title='bbox 868 1241 1091 1280; x_wconf 84' lang='lat' dir='ltr'>rebellionis</span> <span class='ocrx_word' id='word_1_167' title='bbox 1104 1241 1233 1280; x_wconf 89' lang='lat' dir='ltr'>Sardis</span> <span class='ocrx_word' id='word_1_168' title='bbox 1256 1241 1422 1292; x_wconf 85' lang='lat' dir='ltr'>bellique</span> <span class='ocrx_word' id='word_1_169' title='bbox 1445 1241 1526 1279; x_wconf 90' lang='lat' dir='ltr'>eius</span> <span class='ocrx_word' id='word_1_170' title='bbox 1539 1240 1642 1279; x_wconf 86' lang='lat' dir='ltr'>haud</span> 
     </span>
     <span class='ocr_line' id='line_1_21' title="bbox 185 1298 1643 1348; baseline -0.003 -8"><span class='ocrx_word' id='word_1_171' title='bbox 185 1309 203 1341; x_wconf 89' lang='lat'><strong>3</strong></span> <span class='ocrx_word' id='word_1_172' title='bbox 224 1302 340 1340; x_wconf 93' lang='lat' dir='ltr'>dubie</span> <span class='ocrx_word' id='word_1_173' title='bbox 364 1300 550 1339; x_wconf 88' lang='lat' dir='ltr'>concitor.</span> <span class='ocrx_word' id='word_1_174' title='bbox 579 1311 652 1337; x_wconf 90' lang='lat' dir='ltr'>nec</span> <span class='ocrx_word' id='word_1_175' title='bbox 663 1298 876 1337; x_wconf 85' lang='lat' dir='ltr'>Sardorum</span> <span class='ocrx_word' id='word_1_176' title='bbox 899 1299 1016 1337; x_wconf 89' lang='lat' dir='ltr'>duces</span> <span class='ocrx_word' id='word_1_177' title='bbox 1039 1298 1168 1337; x_wconf 91' lang='lat' dir='ltr'>minus</span> <span class='ocrx_word' id='word_1_178' title='bbox 1189 1298 1359 1337; x_wconf 87' lang='lat' dir='ltr'>nobilem</span> <span class='ocrx_word' id='word_1_179' title='bbox 1376 1309 1458 1336; x_wconf 90' lang='lat' dir='ltr'>eam</span> <span class='ocrx_word' id='word_1_180' title='bbox 1472 1309 1643 1348; x_wconf 84' lang='lat' dir='ltr'>pugnam</span> 
     </span>
     <span class='ocr_line' id='line_1_22' title="bbox 224 1353 1644 1405; baseline -0.004 -8"><span class='ocrx_word' id='word_1_181' title='bbox 224 1357 397 1397; x_wconf 84' lang='lat' dir='ltr'>cladibus</span> <span class='ocrx_word' id='word_1_182' title='bbox 428 1356 507 1396; x_wconf 91' lang='lat' dir='ltr'>suis</span> <span class='ocrx_word' id='word_1_183' title='bbox 540 1358 736 1395; x_wconf 85' lang='lat' dir='ltr'>fecerunt:</span> <span class='ocrx_word' id='word_1_184' title='bbox 762 1367 851 1394; x_wconf 89' lang='lat' dir='ltr'>nam</span> <span class='ocrx_word' id='word_1_185' title='bbox 876 1362 911 1394; x_wconf 87' lang='lat' dir='ltr'>et</span> <span class='ocrx_word' id='word_1_186' title='bbox 930 1356 1031 1394; x_wconf 87' lang='lat' dir='ltr'>filius</span> <span class='ocrx_word' id='word_1_187' title='bbox 1055 1355 1331 1405; x_wconf 79' lang='lat' dir='ltr'>Hampsicorae</span> <span class='ocrx_word' id='word_1_188' title='bbox 1352 1354 1481 1393; x_wconf 89' lang='lat' dir='ltr'>Hostis</span> <span class='ocrx_word' id='word_1_189' title='bbox 1503 1354 1542 1391; x_wconf 91' lang='lat' dir='ltr'>in</span> <span class='ocrx_word' id='word_1_190' title='bbox 1564 1353 1644 1392; x_wconf 87' lang='lat' dir='ltr'>acie</span> 
     </span>
     <span class='ocr_line' id='line_1_23' title="bbox 183 1410 1645 1464; baseline -0.001 -14"><span class='ocrx_word' id='word_1_191' title='bbox 183 1419 204 1450; x_wconf 75' lang='grc'>4</span> <span class='ocrx_word' id='word_1_192' title='bbox 224 1415 369 1461; x_wconf 84' lang='lat' dir='ltr'>cecidit,</span> <span class='ocrx_word' id='word_1_193' title='bbox 391 1420 428 1453; x_wconf 91' lang='lat' dir='ltr'>et</span> <span class='ocrx_word' id='word_1_194' title='bbox 447 1413 699 1464; x_wconf 86' lang='lat' dir='ltr'>Hampsicora</span> <span class='ocrx_word' id='word_1_195' title='bbox 721 1424 810 1450; x_wconf 89' lang='lat' dir='ltr'>cum</span> <span class='ocrx_word' id='word_1_196' title='bbox 834 1412 965 1462; x_wconf 83' lang='lat' dir='ltr'>paucis</span> <span class='ocrx_word' id='word_1_197' title='bbox 986 1412 1180 1462; x_wconf 82' lang='lat' dir='ltr'>equitibus</span> <span class='ocrx_word' id='word_1_198' title='bbox 1197 1412 1360 1462; x_wconf 86' lang='lat' dir='ltr'>fugiens,</span> <span class='ocrx_word' id='word_1_199' title='bbox 1383 1418 1426 1449; x_wconf 91' lang='lat' dir='ltr'>ut</span> <span class='ocrx_word' id='word_1_200' title='bbox 1439 1423 1557 1461; x_wconf 87' lang='lat' dir='ltr'>super</span> <span class='ocrx_word' id='word_1_201' title='bbox 1573 1410 1645 1449; x_wconf 87' lang='lat' dir='ltr'>ad-</span> 
     </span>
     <span class='ocr_line' id='line_1_24' title="bbox 224 1467 1646 1520; baseline -0.004 -9"><span class='ocrx_word' id='word_1_202' title='bbox 224 1472 344 1511; x_wconf 88' lang='lat' dir='ltr'>ssictas</span> <span class='ocrx_word' id='word_1_203' title='bbox 374 1483 436 1509; x_wconf 88' lang='lat' dir='ltr'>res</span> <span class='ocrx_word' id='word_1_204' title='bbox 466 1482 601 1508; x_wconf 86' lang='lat' dir='ltr'>necem</span> <span class='ocrx_word' id='word_1_205' title='bbox 623 1481 781 1520; x_wconf 85' lang='lat' dir='ltr'>quoque</span> <span class='ocrx_word' id='word_1_206' title='bbox 802 1469 853 1506; x_wconf 83' lang='lat' dir='ltr'>tili</span> <span class='ocrx_word' id='word_1_207' title='bbox 873 1469 1028 1513; x_wconf 78' lang='lat' dir='ltr'>audivit,</span> <span class='ocrx_word' id='word_1_208' title='bbox 1052 1474 1177 1513; x_wconf 88' lang='lat' dir='ltr'>nocte,</span> <span class='ocrx_word' id='word_1_209' title='bbox 1201 1480 1250 1506; x_wconf 89' lang='lat' dir='ltr'>ne</span> <span class='ocrx_word' id='word_1_210' title='bbox 1273 1468 1382 1507; x_wconf 90' lang='lat' dir='ltr'>cuius</span> <span class='ocrx_word' id='word_1_211' title='bbox 1403 1467 1646 1506; x_wconf 84' lang='lat' dir='ltr'>interventus.</span> 
     </span>
     <span class='ocr_line' id='line_1_25' title="bbox 186 1524 1645 1579; baseline -0.003 -12"><span class='ocrx_word' id='word_1_212' title='bbox 186 1533 204 1563; x_wconf 84' lang='lat'>5</span> <span class='ocrx_word' id='word_1_213' title='bbox 225 1534 359 1579; x_wconf 87' lang='lat' dir='ltr'>coepta</span> <span class='ocrx_word' id='word_1_214' title='bbox 380 1527 584 1578; x_wconf 77' lang='lat' dir='ltr'>inpediret,</span> <span class='ocrx_word' id='word_1_215' title='bbox 606 1533 772 1565; x_wconf 90' lang='lat' dir='ltr'>mortem</span> <span class='ocrx_word' id='word_1_216' title='bbox 796 1525 867 1564; x_wconf 83' lang='lat' dir='ltr'>sibi</span> <span class='ocrx_word' id='word_1_217' title='bbox 889 1525 1085 1564; x_wconf 79' lang='lat' dir='ltr'>conscivit.</span> <span class='ocrx_word' id='word_1_218' title='bbox 1128 1525 1262 1563; x_wconf 88' lang='lat' dir='ltr'>ceteris</span> <span class='ocrx_word' id='word_1_219' title='bbox 1284 1524 1379 1563; x_wconf 91' lang='lat' dir='ltr'>urbs</span> <span class='ocrx_word' id='word_1_220' title='bbox 1403 1524 1556 1563; x_wconf 88' lang='lat' dir='ltr'>Cornus</span> <span class='ocrx_word' id='word_1_221' title='bbox 1577 1536 1645 1562; x_wconf 90' lang='lat' dir='ltr'>ea-</span> 
     </span>
     <span class='ocr_line' id='line_1_26' title="bbox 225 1580 1644 1635; baseline -0.004 -11"><span class='ocrx_word' id='word_1_222' title='bbox 225 1586 326 1632; x_wconf 88' lang='lat' dir='ltr'>dem,</span> <span class='ocrx_word' id='word_1_223' title='bbox 356 1597 453 1635; x_wconf 87' lang='lat' dir='ltr'>quae</span> <span class='ocrx_word' id='word_1_224' title='bbox 477 1588 574 1629; x_wconf 90' lang='lat' dir='ltr'>ante,</span> <span class='ocrx_word' id='word_1_225' title='bbox 600 1585 712 1633; x_wconf 85' lang='lat' dir='ltr'>fugae</span> <span class='ocrx_word' id='word_1_226' title='bbox 740 1582 1027 1632; x_wconf 84' lang='lat' dir='ltr'>receptaculum</span> <span class='ocrx_word' id='word_1_227' title='bbox 1050 1581 1142 1625; x_wconf 77' lang='lat' dir='ltr'>fuit:</span> <span class='ocrx_word' id='word_1_228' title='bbox 1174 1593 1289 1632; x_wconf 84' lang='lat' dir='ltr'>quam</span> <span class='ocrx_word' id='word_1_229' title='bbox 1311 1580 1474 1619; x_wconf 86' lang='lat' dir='ltr'>Manlius</span> <span class='ocrx_word' id='word_1_230' title='bbox 1499 1580 1644 1618; x_wconf 78' lang='lat' dir='ltr'>victore</span> 
     </span>
     <span class='ocr_line' id='line_1_27' title="bbox 184 1637 1644 1691; baseline -0.005 -10"><span class='ocrx_word' id='word_1_231' title='bbox 184 1643 203 1675; x_wconf 83' lang='grc'>6</span> <span class='ocrx_word' id='word_1_232' title='bbox 226 1641 395 1681; x_wconf 84' lang='lat' dir='ltr'>exercitu</span> <span class='ocrx_word' id='word_1_233' title='bbox 418 1640 624 1691; x_wconf 86' lang='lat' dir='ltr'>adgressus</span> <span class='ocrx_word' id='word_1_234' title='bbox 646 1640 745 1677; x_wconf 89' lang='lat' dir='ltr'>intra</span> <span class='ocrx_word' id='word_1_235' title='bbox 764 1639 843 1677; x_wconf 84' lang='lat' dir='ltr'>dies</span> <span class='ocrx_word' id='word_1_236' title='bbox 860 1651 1003 1690; x_wconf 84' lang='lat' dir='ltr'>paucos</span> <span class='ocrx_word' id='word_1_237' title='bbox 1025 1638 1180 1689; x_wconf 88' lang='lat' dir='ltr'>recepit.</span> <span class='ocrx_word' id='word_1_238' title='bbox 1212 1637 1350 1676; x_wconf 88' lang='lat' dir='ltr'>deinde</span> <span class='ocrx_word' id='word_1_239' title='bbox 1372 1637 1462 1676; x_wconf 91' lang='lat' dir='ltr'>aliae</span> <span class='ocrx_word' id='word_1_240' title='bbox 1485 1647 1644 1687; x_wconf 87' lang='lat' dir='ltr'>quoque</span> 
     </span>
     <span class='ocr_line' id='line_1_28' title="bbox 226 1693 1647 1748; baseline -0.004 -11"><span class='ocrx_word' id='word_1_241' title='bbox 226 1699 405 1740; x_wconf 86' lang='lat' dir='ltr'>civitates,</span> <span class='ocrx_word' id='word_1_242' title='bbox 434 1710 531 1748; x_wconf 90' lang='lat' dir='ltr'>quae</span> <span class='ocrx_word' id='word_1_243' title='bbox 553 1697 599 1735; x_wconf 90' lang='lat' dir='ltr'>ad</span> <span class='ocrx_word' id='word_1_244' title='bbox 621 1695 916 1746; x_wconf 86' lang='lat' dir='ltr'>Hampsicoram</span> <span class='ocrx_word' id='word_1_245' title='bbox 936 1696 1169 1746; x_wconf 81' lang='lat' dir='ltr'>Poenosque</span> <span class='ocrx_word' id='word_1_246' title='bbox 1190 1695 1419 1740; x_wconf 84' lang='lat' dir='ltr'>defecerant,</span> <span class='ocrx_word' id='word_1_247' title='bbox 1442 1693 1647 1732; x_wconf 88' lang='lat' dir='ltr'>obsidibus.</span> 
     </span>
    </p>
   </div>
   <div class='ocr_carea' id='block_1_7' title="bbox 222 1844 900 2704">
    <p class='ocr_par' dir='ltr' id='par_1_10' title="bbox 222 1844 898 1930">
     <span class='ocr_line' id='line_1_29' title="bbox 227 1844 898 1884; baseline -0.001 -8"><span class='ocrx_word' id='word_1_248' title='bbox 227 1845 342 1877; x_wconf 71' lang='lat' dir='ltr'>kiinne.</span> <span class='ocrx_word' id='word_1_249' title='bbox 369 1862 411 1866; x_wconf 93' lang='lat'>-—</span> <span class='ocrx_word' id='word_1_250' title='bbox 431 1850 574 1884; x_wconf 63' lang='lat' dir='ltr'>pert-ent.</span> <span class='ocrx_word' id='word_1_251' title='bbox 592 1850 669 1883; x_wconf 69' lang='lat' dir='ltr'>erat,</span> <span class='ocrx_word' id='word_1_252' title='bbox 692 1853 716 1873; x_wconf 91' lang='lat' dir='ltr'>s.</span> <span class='ocrx_word' id='word_1_253' title='bbox 749 1844 776 1876; x_wconf 81' lang='lat'>1.</span> <span class='ocrx_word' id='word_1_254' title='bbox 804 1844 834 1882; x_wconf 78' lang='lat'>7,</span> <span class='ocrx_word' id='word_1_255' title='bbox 862 1844 898 1881; x_wconf 72' lang='grc' dir='ltr'>ὃς</span> 
     </span>
     <span class='ocr_line' id='line_1_30' title="bbox 222 1889 743 1930; baseline -0.004 -8"><span class='ocrx_word' id='word_1_256' title='bbox 222 1891 265 1923; x_wconf 84' lang='grc'><strong>11).</strong></span> <span class='ocrx_word' id='word_1_257' title='bbox 292 1893 346 1927; x_wconf 76' lang='grc'>40,</span> <span class='ocrx_word' id='word_1_258' title='bbox 373 1892 405 1928; x_wconf 72' lang='lat'>4,</span> <span class='ocrx_word' id='word_1_259' title='bbox 432 1889 498 1930; x_wconf 74' lang='lat' dir='ltr'>vgl.</span> <span class='ocrx_word' id='word_1_260' title='bbox 525 1890 578 1925; x_wconf 85' lang='grc'>22,</span> <span class='ocrx_word' id='word_1_261' title='bbox 608 1890 661 1923; x_wconf 87' lang='grc'>22,</span> <span class='ocrx_word' id='word_1_262' title='bbox 695 1889 743 1921; x_wconf 79' lang='grc'>19.</span> 
     </span>
    </p>

    <p class='ocr_par' dir='ltr' id='par_1_11' title="bbox 222 1933 900 2614">
     <span class='ocr_line' id='line_1_31' title="bbox 269 1933 898 1975; baseline -0.011 -5"><span class='ocrx_word' id='word_1_263' title='bbox 269 1937 390 1970; x_wconf 69' lang='lat'>9-12.</span> <span class='ocrx_word' id='word_1_264' title='bbox 416 1938 528 1967; x_wconf 71' lang='lat' dir='ltr'>obieeta</span> <span class='ocrx_word' id='word_1_265' title='bbox 555 1938 639 1966; x_wconf 81' lang='lat' dir='ltr'>statt</span> <span class='ocrx_word' id='word_1_266' title='bbox 667 1934 722 1966; x_wconf 87' lang='lat' dir='ltr'>des</span> <span class='ocrx_word' id='word_1_267' title='bbox 741 1933 898 1975; x_wconf 56' lang='lat' dir='ltr'>geu-&amp;hn-</span> 
     </span>
     <span class='ocr_line' id='line_1_32' title="bbox 222 1980 899 2022; baseline -0.004 -8"><span class='ocrx_word' id='word_1_268' title='bbox 222 1983 331 2014; x_wconf 84' lang='lat' dir='ltr'>lichen</span> <span class='ocrx_word' id='word_1_269' title='bbox 359 1982 522 2022; x_wconf 51' lang='lat' dir='ltr'>conferre,</span> <span class='ocrx_word' id='word_1_270' title='bbox 548 1983 754 2021; x_wconf 62' lang='lat' dir='ltr'>eoniumqere,</span> <span class='ocrx_word' id='word_1_271' title='bbox 779 1981 817 2013; x_wconf 75' lang='lat'>4,</span> <span class='ocrx_word' id='word_1_272' title='bbox 845 1980 899 2020; x_wconf 79' lang='lat'>27,</span> 
     </span>
     <span class='ocr_line' id='line_1_33' title="bbox 224 2024 898 2069; baseline -0.009 -9"><span class='ocrx_word' id='word_1_273' title='bbox 224 2030 262 2069; x_wconf 85' lang='lat'>5,</span> <span class='ocrx_word' id='word_1_274' title='bbox 301 2027 380 2058; x_wconf 72' lang='lat' dir='ltr'>weil</span> <span class='ocrx_word' id='word_1_275' title='bbox 408 2027 500 2058; x_wconf 80' lang='lat' dir='ltr'>einer</span> <span class='ocrx_word' id='word_1_276' title='bbox 525 2026 585 2057; x_wconf 83' lang='lat' dir='ltr'>den</span> <span class='ocrx_word' id='word_1_277' title='bbox 612 2026 736 2056; x_wconf 86' lang='lat' dir='ltr'>andern</span> <span class='ocrx_word' id='word_1_278' title='bbox 761 2024 898 2055; x_wconf 86' lang='lat' dir='ltr'>hindern</span> 
     </span>
     <span class='ocr_line' id='line_1_34' title="bbox 222 2072 898 2109; baseline -0.004 -5"><span class='ocrx_word' id='word_1_279' title='bbox 222 2073 294 2104; x_wconf 81' lang='lat' dir='ltr'>will</span> <span class='ocrx_word' id='word_1_280' title='bbox 321 2072 558 2103; x_wconf 74' lang='lat' dir='ltr'>vorzuriickeu.</span> <span class='ocrx_word' id='word_1_281' title='bbox 578 2090 620 2093; x_wconf 88' lang='lat'>——</span> <span class='ocrx_word' id='word_1_282' title='bbox 638 2073 748 2102; x_wconf 68' lang='lat' dir='ltr'>deinde</span> <span class='ocrx_word' id='word_1_283' title='bbox 766 2081 827 2109; x_wconf 74' lang='lat' dir='ltr'>per</span> <span class='ocrx_word' id='word_1_284' title='bbox 842 2080 898 2108; x_wconf 78' lang='lat' dir='ltr'>pr.</span> 
     </span>
     <span class='ocr_line' id='line_1_35' title="bbox 223 2118 898 2158; baseline -0.009 -7"><span class='ocrx_word' id='word_1_285' title='bbox 223 2123 296 2158; x_wconf 62' lang='lat' dir='ltr'>eto„</span> <span class='ocrx_word' id='word_1_286' title='bbox 331 2118 398 2158; x_wconf 75' lang='lat' dir='ltr'>vgl.</span> <span class='ocrx_word' id='word_1_287' title='bbox 429 2118 482 2152; x_wconf 71' lang='lat'>28,</span> <span class='ocrx_word' id='word_1_288' title='bbox 509 2118 562 2155; x_wconf 80' lang='grc'>33,</span> <span class='ocrx_word' id='word_1_289' title='bbox 593 2118 630 2149; x_wconf 75' lang='grc'>6;</span> <span class='ocrx_word' id='word_1_290' title='bbox 660 2118 739 2148; x_wconf 75' lang='lat' dir='ltr'>levia</span> <span class='ocrx_word' id='word_1_291' title='bbox 760 2126 822 2155; x_wconf 71' lang='lat' dir='ltr'>per</span> <span class='ocrx_word' id='word_1_292' title='bbox 844 2126 898 2146; x_wconf 72' lang='lat' dir='ltr'>ex-</span> 
     </span>
     <span class='ocr_line' id='line_1_36' title="bbox 223 2161 897 2203; baseline -0.007 -7"><span class='ocrx_word' id='word_1_293' title='bbox 223 2167 384 2196; x_wconf 75' lang='lat' dir='ltr'>cursiones</span> <span class='ocrx_word' id='word_1_294' title='bbox 401 2165 546 2203; x_wconf 69' lang='lat' dir='ltr'>proelia:</span> <span class='ocrx_word' id='word_1_295' title='bbox 580 2164 641 2195; x_wconf 79' lang='lat'>37.</span> <span class='ocrx_word' id='word_1_296' title='bbox 680 2162 739 2200; x_wconf 77' lang='lat'>18,</span> <span class='ocrx_word' id='word_1_297' title='bbox 775 2163 814 2202; x_wconf 81' lang='lat'>93</span> <span class='ocrx_word' id='word_1_298' title='bbox 841 2161 897 2191; x_wconf 85' lang='lat' dir='ltr'>das</span> 
     </span>
     <span class='ocr_line' id='line_1_37' title="bbox 222 2205 900 2247; baseline -0.009 -6"><span class='ocrx_word' id='word_1_299' title='bbox 222 2210 292 2241; x_wconf 82' lang='lat' dir='ltr'>hds.</span> <span class='ocrx_word' id='word_1_300' title='bbox 320 2212 462 2247; x_wconf 74' lang='lat' dir='ltr'>dez&#39;neeps</span> <span class='ocrx_word' id='word_1_301' title='bbox 499 2208 591 2239; x_wconf 69' lang='lat' dir='ltr'>w‘tire</span> <span class='ocrx_word' id='word_1_302' title='bbox 617 2206 699 2243; x_wconf 89' lang='lat' dir='ltr'>hier,</span> <span class='ocrx_word' id='word_1_303' title='bbox 726 2216 779 2237; x_wconf 82' lang='lat' dir='ltr'>wo</span> <span class='ocrx_word' id='word_1_304' title='bbox 808 2205 900 2236; x_wconf 88' lang='lat' dir='ltr'>nicht</span> 
     </span>
     <span class='ocr_line' id='line_1_38' title="bbox 223 2251 899 2297; baseline -0.007 -10"><span class='ocrx_word' id='word_1_305' title='bbox 223 2254 404 2297; x_wconf 79' lang='lat' dir='ltr'>eigentlich</span> <span class='ocrx_word' id='word_1_306' title='bbox 442 2253 514 2285; x_wconf 89' lang='lat' dir='ltr'>eine</span> <span class='ocrx_word' id='word_1_307' title='bbox 556 2251 771 2292; x_wconf 81' lang='lat' dir='ltr'>Reihenfolge</span> <span class='ocrx_word' id='word_1_308' title='bbox 816 2255 899 2283; x_wconf 82' lang='lat' dir='ltr'>statt</span> 
     </span>
     <span class='ocr_line' id='line_1_39' title="bbox 222 2300 898 2341; baseline -0.006 -9"><span class='ocrx_word' id='word_1_309' title='bbox 222 2302 290 2341; x_wconf 84' lang='lat' dir='ltr'>hat,</span> <span class='ocrx_word' id='word_1_310' title='bbox 310 2301 376 2332; x_wconf 89' lang='lat' dir='ltr'>und</span> <span class='ocrx_word' id='word_1_311' title='bbox 396 2300 560 2331; x_wconf 80' lang='lat' dir='ltr'>zwischen</span> <span class='ocrx_word' id='word_1_312' title='bbox 568 2302 676 2338; x_wconf 76' lang='lat' dir='ltr'>primo</span> <span class='ocrx_word' id='word_1_313' title='bbox 691 2304 898 2337; x_wconf 76' lang='lat' dir='ltr'>-postremo</span> 
     </span>
     <span class='ocr_line' id='line_1_40' title="bbox 224 2343 898 2388; baseline -0.007 -10"><span class='ocrx_word' id='word_1_314' title='bbox 224 2347 313 2378; x_wconf 83' lang='lat' dir='ltr'>nicht</span> <span class='ocrx_word' id='word_1_315' title='bbox 340 2345 493 2388; x_wconf 82' lang='lat' dir='ltr'>passend:</span> <span class='ocrx_word' id='word_1_316' title='bbox 531 2355 589 2376; x_wconf 91' lang='lat' dir='ltr'>zur</span> <span class='ocrx_word' id='word_1_317' title='bbox 617 2343 722 2375; x_wconf 85' lang='lat' dir='ltr'>Sache</span> <span class='ocrx_word' id='word_1_318' title='bbox 748 2344 809 2383; x_wconf 80' lang='lat'>23,</span> <span class='ocrx_word' id='word_1_319' title='bbox 849 2344 898 2379; x_wconf 71' lang='lat'>16,</span> 
     </span>
     <span class='ocr_line' id='line_1_41' title="bbox 223 2391 899 2432; baseline -0.01 -7"><span class='ocrx_word' id='word_1_320' title='bbox 223 2394 261 2432; x_wconf 67' lang='lat'>43</span> <span class='ocrx_word' id='word_1_321' title='bbox 297 2394 350 2426; x_wconf 79' lang='grc'>22,</span> <span class='ocrx_word' id='word_1_322' title='bbox 385 2394 439 2431; x_wconf 79' lang='grc'><strong>4-1,</strong></span> <span class='ocrx_word' id='word_1_323' title='bbox 481 2393 513 2424; x_wconf 81' lang='grc'>4.</span> <span class='ocrx_word' id='word_1_324' title='bbox 545 2408 589 2413; x_wconf 92' lang='lat'>—-</span> <span class='ocrx_word' id='word_1_325' title='bbox 612 2391 725 2421; x_wconf 69' lang='lat' dir='ltr'>Sardis</span> <span class='ocrx_word' id='word_1_326' title='bbox 748 2407 790 2411; x_wconf 92' lang='lat'>—</span> <span class='ocrx_word' id='word_1_327' title='bbox 820 2391 899 2425; x_wconf 62' lang='lat' dir='ltr'>ads„</span> 
     </span>
     <span class='ocr_line' id='line_1_42' title="bbox 222 2434 899 2478; baseline -0.006 -10"><span class='ocrx_word' id='word_1_328' title='bbox 222 2438 383 2469; x_wconf 72' lang='lat' dir='ltr'>wahrend</span> <span class='ocrx_word' id='word_1_329' title='bbox 408 2437 573 2478; x_wconf 74' lang='lat' dir='ltr'>dagegen3</span> <span class='ocrx_word' id='word_1_330' title='bbox 601 2436 702 2466; x_wconf 85' lang='lat' dir='ltr'>daher</span> <span class='ocrx_word' id='word_1_331' title='bbox 730 2434 781 2466; x_wconf 86' lang='lat' dir='ltr'>die</span> <span class='ocrx_word' id='word_1_332' title='bbox 810 2434 899 2465; x_wconf 83' lang='lat' dir='ltr'>Stel-</span> 
     </span>
     <span class='ocr_line' id='line_1_43' title="bbox 223 2480 899 2524; baseline -0.006 -10"><span class='ocrx_word' id='word_1_333' title='bbox 223 2483 302 2524; x_wconf 82' lang='lat' dir='ltr'>lung</span> <span class='ocrx_word' id='word_1_334' title='bbox 336 2482 535 2522; x_wconf 79' lang='lat' dir='ltr'>chiastisch;</span> <span class='ocrx_word' id='word_1_335' title='bbox 571 2492 629 2512; x_wconf 88' lang='lat' dir='ltr'>zur</span> <span class='ocrx_word' id='word_1_336' title='bbox 661 2480 844 2512; x_wconf 78' lang='lat' dir='ltr'>Construct.</span> <span class='ocrx_word' id='word_1_337' title='bbox 873 2490 899 2511; x_wconf 90' lang='lat' dir='ltr'>s.</span> 
     </span>
     <span class='ocr_line' id='line_1_44' title="bbox 227 2526 899 2567; baseline -0.009 -6"><span class='ocrx_word' id='word_1_338' title='bbox 227 2531 278 2565; x_wconf 85' lang='grc'>10,</span> <span class='ocrx_word' id='word_1_339' title='bbox 313 2530 343 2566; x_wconf 83' lang='grc'>6,</span> <span class='ocrx_word' id='word_1_340' title='bbox 375 2530 435 2565; x_wconf 80' lang='grc'>11;</span> <span class='ocrx_word' id='word_1_341' title='bbox 471 2530 524 2567; x_wconf 76' lang='lat'>27,</span> <span class='ocrx_word' id='word_1_342' title='bbox 553 2528 605 2565; x_wconf 82' lang='lat'>39,</span> <span class='ocrx_word' id='word_1_343' title='bbox 634 2528 663 2560; x_wconf 81' lang='lat' dir='ltr'>S.</span> <span class='ocrx_word' id='word_1_344' title='bbox 690 2543 732 2548; x_wconf 83' lang='lat'>-—</span> <span class='ocrx_word' id='word_1_345' title='bbox 751 2526 849 2567; x_wconf 73' lang='lat' dir='ltr'>fuya,</span> <span class='ocrx_word' id='word_1_346' title='bbox 875 2535 899 2556; x_wconf 90' lang='lat' dir='ltr'>s.</span> 
     </span>
     <span class='ocr_line' id='line_1_45' title="bbox 223 2575 417 2614; baseline -0.01 -7"><span class='ocrx_word' id='word_1_347' title='bbox 223 2576 277 2607; x_wconf 86' lang='grc'>21.</span> <span class='ocrx_word' id='word_1_348' title='bbox 307 2576 360 2614; x_wconf 83' lang='grc'>61,</span> <span class='ocrx_word' id='word_1_349' title='bbox 387 2575 417 2606; x_wconf 91' lang='grc'>2.</span> 
     </span>
    </p>

    <p class='ocr_par' dir='ltr' id='par_1_12' title="bbox 225 2616 900 2704">
     <span class='ocr_line' id='line_1_46' title="bbox 270 2616 900 2657; baseline -0.01 -2"><span class='ocrx_word' id='word_1_350' title='bbox 270 2616 338 2655; x_wconf 71' lang='grc'>41.</span> <span class='ocrx_word' id='word_1_351' title='bbox 372 2621 467 2652; x_wconf 83' lang='lat'>1-4.</span> <span class='ocrx_word' id='word_1_352' title='bbox 493 2625 565 2650; x_wconf 76' lang='lat' dir='ltr'>ame</span> <span class='ocrx_word' id='word_1_353' title='bbox 581 2629 675 2656; x_wconf 53' lang='lat' dir='ltr'>omn„</span> <span class='ocrx_word' id='word_1_354' title='bbox 706 2616 770 2657; x_wconf 82' lang='lat' dir='ltr'>vgl.</span> <span class='ocrx_word' id='word_1_355' title='bbox 791 2618 821 2657; x_wconf 89' lang='lat'>3,</span> <span class='ocrx_word' id='word_1_356' title='bbox 844 2617 900 2657; x_wconf 81' lang='lat'>58,</span> 
     </span>
     <span class='ocr_line' id='line_1_47' title="bbox 225 2665 896 2704; baseline -0.004 -7"><span class='ocrx_word' id='word_1_357' title='bbox 225 2666 263 2697; x_wconf 86' lang='lat'>1:</span> <span class='ocrx_word' id='word_1_358' title='bbox 290 2672 361 2697; x_wconf 77' lang='lat' dir='ltr'>ame</span> <span class='ocrx_word' id='word_1_359' title='bbox 379 2675 502 2703; x_wconf 64' lang='lat' dir='ltr'>omnes,⁴</span> <span class='ocrx_word' id='word_1_360' title='bbox 530 2666 559 2704; x_wconf 85' lang='lat'>7,</span> <span class='ocrx_word' id='word_1_361' title='bbox 577 2666 608 2703; x_wconf 83' lang='lat'>4,</span> <span class='ocrx_word' id='word_1_362' title='bbox 631 2665 667 2696; x_wconf 88' lang='lat'>3:</span> <span class='ocrx_word' id='word_1_363' title='bbox 692 2670 764 2695; x_wconf 75' lang='lat' dir='ltr'>ame</span> <span class='ocrx_word' id='word_1_364' title='bbox 780 2665 896 2694; x_wconf 79' lang='lat' dir='ltr'>omm‘a.</span> 
     </span>
    </p>
   </div>
   <div class='ocr_carea' id='block_1_8' title="bbox 967 1841 1648 2329">
    <p class='ocr_par' dir='ltr' id='par_1_13' title="bbox 967 1841 1648 2329">
     <span class='ocr_line' id='line_1_48' title="bbox 969 1841 1648 1881; baseline -0.004 -9"><span class='ocrx_word' id='word_1_365' title='bbox 969 1858 1010 1864; x_wconf 90' lang='lat'><em>-</em></span> <span class='ocrx_word' id='word_1_366' title='bbox 1028 1847 1146 1881; x_wconf 74' lang='lat' dir='ltr'>eaptus,</span> <span class='ocrx_word' id='word_1_367' title='bbox 1175 1850 1200 1871; x_wconf 88' lang='lat' dir='ltr'>c.</span> <span class='ocrx_word' id='word_1_368' title='bbox 1217 1841 1270 1879; x_wconf 79' lang='lat'>39,</span> <span class='ocrx_word' id='word_1_369' title='bbox 1296 1842 1335 1873; x_wconf 81' lang='lat'>4:</span> <span class='ocrx_word' id='word_1_370' title='bbox 1355 1841 1446 1871; x_wconf 73' lang='lat' dir='ltr'>navis</span> <span class='ocrx_word' id='word_1_371' title='bbox 1463 1851 1528 1871; x_wconf 77' lang='lat' dir='ltr'>mm</span> <span class='ocrx_word' id='word_1_372' title='bbox 1545 1845 1648 1878; x_wconf 76' lang='lat' dir='ltr'>capta..</span> 
     </span>
     <span class='ocr_line' id='line_1_49' title="bbox 970 1883 1645 1919; baseline -0.006 0"><span class='ocrx_word' id='word_1_373' title='bbox 970 1905 1011 1910; x_wconf 92' lang='lat'><strong>—</strong></span> <span class='ocrx_word' id='word_1_374' title='bbox 1026 1889 1142 1919; x_wconf 74' lang='lat' dir='ltr'>nobiles</span> <span class='ocrx_word' id='word_1_375' title='bbox 1159 1884 1492 1917; x_wconf 77' lang='lat' dir='ltr'>wahrscheinlichdie</span> <span class='ocrx_word' id='word_1_376' title='bbox 1508 1883 1645 1916; x_wconf 84' lang='lat' dir='ltr'>Gerusi-</span> 
     </span>
     <span class='ocr_line' id='line_1_50' title="bbox 969 1931 1645 1972; baseline -0.004 -8"><span class='ocrx_word' id='word_1_377' title='bbox 969 1937 1072 1971; x_wconf 75' lang='lat' dir='ltr'>asten,</span> <span class='ocrx_word' id='word_1_378' title='bbox 1103 1934 1157 1972; x_wconf 81' lang='lat'>21,</span> <span class='ocrx_word' id='word_1_379' title='bbox 1187 1933 1241 1968; x_wconf 77' lang='lat'>60,</span> <span class='ocrx_word' id='word_1_380' title='bbox 1269 1933 1298 1964; x_wconf 85' lang='lat'>7.</span> <span class='ocrx_word' id='word_1_381' title='bbox 1317 1932 1498 1970; x_wconf 69' lang='lat' dir='ltr'>—Sm-dz‘s,</span> <span class='ocrx_word' id='word_1_382' title='bbox 1527 1932 1556 1969; x_wconf 87' lang='lat'>7,</span> <span class='ocrx_word' id='word_1_383' title='bbox 1588 1931 1645 1970; x_wconf 82' lang='lat'>23,</span> 
     </span>
     <span class='ocr_line' id='line_1_51' title="bbox 969 1973 1644 2018; baseline -0.006 -9"><span class='ocrx_word' id='word_1_384' title='bbox 969 1981 1007 2018; x_wconf 68' lang='lat'>43</span> <span class='ocrx_word' id='word_1_385' title='bbox 1043 1977 1082 2009; x_wconf 72' lang='lat' dir='ltr'>H.</span> <span class='ocrx_word' id='word_1_386' title='bbox 1119 1979 1191 2011; x_wconf 87' lang='grc'><strong>119.</strong></span> <span class='ocrx_word' id='word_1_387' title='bbox 1240 1976 1321 2007; x_wconf 85' lang='lat' dir='ltr'>Dass</span> <span class='ocrx_word' id='word_1_388' title='bbox 1347 1975 1461 2007; x_wconf 87' lang='lat' dir='ltr'>Hanno</span> <span class='ocrx_word' id='word_1_389' title='bbox 1487 1975 1539 2006; x_wconf 89' lang='lat' dir='ltr'>die</span> <span class='ocrx_word' id='word_1_390' title='bbox 1566 1973 1644 2005; x_wconf 86' lang='lat' dir='ltr'>Em-</span> 
     </span>
     <span class='ocr_line' id='line_1_52' title="bbox 968 2020 1645 2065; baseline -0.001 -11"><span class='ocrx_word' id='word_1_391' title='bbox 968 2026 1092 2065; x_wconf 72' lang='lat' dir='ltr'>p&#39;drung</span> <span class='ocrx_word' id='word_1_392' title='bbox 1125 2022 1313 2054; x_wconf 73' lang='lat' dir='ltr'>veranlasst</span> <span class='ocrx_word' id='word_1_393' title='bbox 1338 2021 1442 2063; x_wconf 83' lang='lat' dir='ltr'>habe,</span> <span class='ocrx_word' id='word_1_394' title='bbox 1477 2020 1520 2052; x_wconf 84' lang='lat' dir='ltr'>ist</span> <span class='ocrx_word' id='word_1_395' title='bbox 1545 2030 1572 2053; x_wconf 87' lang='lat' dir='ltr'>c.</span> <span class='ocrx_word' id='word_1_396' title='bbox 1603 2022 1645 2054; x_wconf 86' lang='lat'>32</span> 
     </span>
     <span class='ocr_line' id='line_1_53' title="bbox 969 2065 1647 2109; baseline -0.004 -9"><span class='ocrx_word' id='word_1_397' title='bbox 969 2069 1059 2100; x_wconf 84' lang='lat' dir='ltr'>nicht</span> <span class='ocrx_word' id='word_1_398' title='bbox 1086 2068 1286 2109; x_wconf 72' lang='lat' dir='ltr'>angegeben.</span> <span class='ocrx_word' id='word_1_399' title='bbox 1312 2085 1354 2088; x_wconf 97' lang='lat'><strong>—</strong></span> <span class='ocrx_word' id='word_1_400' title='bbox 1379 2069 1500 2105; x_wconf 66' lang='lat' dir='ltr'>eom-it„</span> <span class='ocrx_word' id='word_1_401' title='bbox 1527 2066 1579 2098; x_wconf 90' lang='lat' dir='ltr'>bei</span> <span class='ocrx_word' id='word_1_402' title='bbox 1609 2065 1647 2097; x_wconf 87' lang='lat' dir='ltr'>L.</span> 
     </span>
     <span class='ocr_line' id='line_1_54' title="bbox 967 2114 1645 2154; baseline -0.003 -8"><span class='ocrx_word' id='word_1_403' title='bbox 967 2118 1089 2147; x_wconf 75' lang='lat' dir='ltr'>zuerst,</span> <span class='ocrx_word' id='word_1_404' title='bbox 1117 2116 1169 2151; x_wconf 74' lang='lat'>37,</span> <span class='ocrx_word' id='word_1_405' title='bbox 1198 2115 1252 2150; x_wconf 86' lang='grc'>45,</span> <span class='ocrx_word' id='word_1_406' title='bbox 1283 2114 1340 2154; x_wconf 73' lang='grc'>17;</span> <span class='ocrx_word' id='word_1_407' title='bbox 1364 2114 1419 2153; x_wconf 82' lang='lat'>45,</span> <span class='ocrx_word' id='word_1_408' title='bbox 1453 2114 1503 2152; x_wconf 86' lang='lat'>10,</span> <span class='ocrx_word' id='word_1_409' title='bbox 1534 2114 1582 2145; x_wconf 88' lang='grc'>10.</span> <span class='ocrx_word' id='word_1_410' title='bbox 1600 2129 1645 2134; x_wconf 95' lang='lat'>——</span> 
     </span>
     <span class='ocr_line' id='line_1_55' title="bbox 967 2159 1646 2197; baseline -0.004 -6"><span class='ocrx_word' id='word_1_411' title='bbox 967 2172 1022 2192; x_wconf 68' lang='lat' dir='ltr'>nee</span> <span class='ocrx_word' id='word_1_412' title='bbox 1050 2164 1111 2192; x_wconf 86' lang='lat' dir='ltr'>etc.</span> <span class='ocrx_word' id='word_1_413' title='bbox 1129 2174 1175 2185; x_wconf 92' lang='lat'><strong><em>=</em></strong></span> <span class='ocrx_word' id='word_1_414' title='bbox 1193 2166 1220 2191; x_wconf 75' lang='lat' dir='ltr'>et</span> <span class='ocrx_word' id='word_1_415' title='bbox 1238 2177 1281 2180; x_wconf 97' lang='lat'><strong>—</strong></span> <span class='ocrx_word' id='word_1_416' title='bbox 1298 2170 1361 2190; x_wconf 75' lang='lat' dir='ltr'>non</span> <span class='ocrx_word' id='word_1_417' title='bbox 1378 2161 1484 2190; x_wconf 70' lang='lat' dir='ltr'>minus</span> <span class='ocrx_word' id='word_1_418' title='bbox 1501 2159 1646 2197; x_wconf 73' lang='lat' dir='ltr'>nobilem,</span> 
     </span>
     <span class='ocr_line' id='line_1_56' title="bbox 968 2201 1646 2247; baseline -0.003 -11"><span class='ocrx_word' id='word_1_419' title='bbox 968 2206 1035 2246; x_wconf 75' lang='lat' dir='ltr'>vgl.</span> <span class='ocrx_word' id='word_1_420' title='bbox 1070 2208 1107 2247; x_wconf 85' lang='lat'>7,</span> <span class='ocrx_word' id='word_1_421' title='bbox 1152 2206 1213 2245; x_wconf 78' lang='lat'>26,</span> <span class='ocrx_word' id='word_1_422' title='bbox 1264 2206 1293 2237; x_wconf 82' lang='lat'>3.</span> <span class='ocrx_word' id='word_1_423' title='bbox 1333 2222 1376 2226; x_wconf 89' lang='lat'>—</span> <span class='ocrx_word' id='word_1_424' title='bbox 1417 2214 1512 2243; x_wconf 73' lang='lat' dir='ltr'>super</span> <span class='ocrx_word' id='word_1_425' title='bbox 1541 2201 1646 2242; x_wconf 60' lang='lat' dir='ltr'>²iiber3</span> 
     </span>
     <span class='ocr_line' id='line_1_57' title="bbox 969 2249 1645 2290; baseline -0.004 -7"><span class='ocrx_word' id='word_1_426' title='bbox 969 2261 1083 2283; x_wconf 85' lang='lat' dir='ltr'>ausser</span> <span class='ocrx_word' id='word_1_427' title='bbox 1110 2268 1154 2273; x_wconf 86' lang='lat'>—</span> <span class='ocrx_word' id='word_1_428' title='bbox 1181 2251 1273 2290; x_wconf 74' lang='lat' dir='ltr'>noch,</span> <span class='ocrx_word' id='word_1_429' title='bbox 1303 2249 1369 2290; x_wconf 85' lang='lat' dir='ltr'>vgl.</span> <span class='ocrx_word' id='word_1_430' title='bbox 1401 2259 1426 2280; x_wconf 90' lang='lat' dir='ltr'>c.</span> <span class='ocrx_word' id='word_1_431' title='bbox 1448 2250 1501 2290; x_wconf 83' lang='lat'>36,</span> <span class='ocrx_word' id='word_1_432' title='bbox 1534 2250 1572 2282; x_wconf 84' lang='lat'>2:</span> <span class='ocrx_word' id='word_1_433' title='bbox 1598 2250 1645 2280; x_wconf 79' lang='lat' dir='ltr'>ab.</span> 
     </span>
     <span class='ocr_line' id='line_1_58' title="bbox 967 2295 1421 2329; baseline -0.007 0"><span class='ocrx_word' id='word_1_434' title='bbox 967 2315 1012 2320; x_wconf 91' lang='lat'><strong>—</strong></span> <span class='ocrx_word' id='word_1_435' title='bbox 1038 2300 1127 2329; x_wconf 73' lang='lat' dir='ltr'>euius</span> <span class='ocrx_word' id='word_1_436' title='bbox 1151 2295 1421 2328; x_wconf 75' lang='lat' dir='ltr'>substantivisch.</span> 
     </span>
    </p>
   </div>
   <div class='ocr_carea' id='block_1_9' title="bbox 969 2384 1648 2518">
    <p class='ocr_par' dir='ltr' id='par_1_14' title="bbox 969 2384 1648 2518">
     <span class='ocr_line' id='line_1_59' title="bbox 1016 2384 1642 2429; baseline -0.01 -8"><span class='ocrx_word' id='word_1_437' title='bbox 1016 2390 1113 2421; x_wconf 81' lang='lat'>5—7.</span> <span class='ocrx_word' id='word_1_438' title='bbox 1131 2389 1235 2429; x_wconf 76' lang='lat' dir='ltr'>fuqae</span> <span class='ocrx_word' id='word_1_439' title='bbox 1262 2397 1307 2425; x_wconf 81' lang='grc' dir='ltr'>ν.,</span> <span class='ocrx_word' id='word_1_440' title='bbox 1345 2384 1400 2417; x_wconf 85' lang='lat' dir='ltr'>fiir</span> <span class='ocrx_word' id='word_1_441' title='bbox 1427 2384 1479 2417; x_wconf 90' lang='lat' dir='ltr'>die</span> <span class='ocrx_word' id='word_1_442' title='bbox 1506 2384 1642 2425; x_wconf 84' lang='lat' dir='ltr'>iibrigen</span> 
     </span>
     <span class='ocr_line' id='line_1_60' title="bbox 969 2430 1648 2469; baseline -0.009 -3"><span class='ocrx_word' id='word_1_443' title='bbox 969 2452 1011 2456; x_wconf 91' lang='lat'>—</span> <span class='ocrx_word' id='word_1_444' title='bbox 1038 2432 1097 2465; x_wconf 85' lang='lat' dir='ltr'>auf</span> <span class='ocrx_word' id='word_1_445' title='bbox 1118 2434 1176 2465; x_wconf 86' lang='lat' dir='ltr'>der</span> <span class='ocrx_word' id='word_1_446' title='bbox 1200 2432 1225 2464; x_wconf 94' lang='lat' dir='ltr'>F</span> <span class='ocrx_word' id='word_1_447' title='bbox 1229 2432 1330 2467; x_wconf 72' lang='lat' dir='ltr'>lucht,</span> <span class='ocrx_word' id='word_1_448' title='bbox 1360 2430 1594 2469; x_wconf 85' lang='lat' dir='ltr'>Zussuchtsort,</span> <span class='ocrx_word' id='word_1_449' title='bbox 1620 2440 1648 2461; x_wconf 74' lang='lat' dir='ltr'>s.</span> 
     </span>
     <span class='ocr_line' id='line_1_61' title="bbox 971 2477 1646 2518; baseline -0.01 -5"><span class='ocrx_word' id='word_1_450' title='bbox 971 2480 1001 2518; x_wconf 72' lang='lat' dir='ltr'>S,</span> <span class='ocrx_word' id='word_1_451' title='bbox 1034 2481 1085 2518; x_wconf 87' lang='lat'>19,</span> <span class='ocrx_word' id='word_1_452' title='bbox 1113 2481 1170 2512; x_wconf 86' lang='lat'>10:</span> <span class='ocrx_word' id='word_1_453' title='bbox 1195 2480 1420 2517; x_wconf 76' lang='lat' dir='ltr'>receptaculum</span> <span class='ocrx_word' id='word_1_454' title='bbox 1440 2477 1543 2517; x_wconf 69' lang='lat' dir='ltr'>fuqae</span> <span class='ocrx_word' id='word_1_455' title='bbox 1568 2477 1646 2507; x_wconf 79' lang='lat' dir='ltr'>Pri-</span> 
     </span>
    </p>
   </div>
   <div class='ocr_carea' id='block_1_10' title="bbox 967 2521 1763 2701">
    <p class='ocr_par' dir='ltr' id='par_1_15' title="bbox 967 2521 1763 2701">
     <span class='ocr_line' id='line_1_62' title="bbox 969 2521 1761 2563; baseline -0.006 -7"><span class='ocrx_word' id='word_1_456' title='bbox 969 2536 1101 2556; x_wconf 74' lang='lat' dir='ltr'>vernum</span> <span class='ocrx_word' id='word_1_457' title='bbox 1123 2526 1287 2561; x_wconf 73' lang='lat' dir='ltr'>Izabuerz&#39;t;</span> <span class='ocrx_word' id='word_1_458' title='bbox 1314 2523 1460 2563; x_wconf 83' lang='lat' dir='ltr'>dagegen</span> <span class='ocrx_word' id='word_1_459' title='bbox 1485 2523 1512 2563; x_wconf 90' lang='lat'>1,</span> <span class='ocrx_word' id='word_1_460' title='bbox 1534 2522 1587 2561; x_wconf 89' lang='grc'>33,</span> <span class='ocrx_word' id='word_1_461' title='bbox 1608 2521 1647 2554; x_wconf 79' lang='lat'>3:</span> <span class='ocrx_word' id='word_1_462' title='bbox 1705 2536 1710 2543; x_wconf 50' lang='grc' dir='ltr'><em>ι</em></span> <span class='ocrx_word' id='word_1_463' title='bbox 1757 2534 1761 2542; x_wconf 65' lang='lat'><em>⁴</em></span> 
     </span>
     <span class='ocr_line' id='line_1_63' title="bbox 967 2569 1648 2609; baseline -0.008 -7"><span class='ocrx_word' id='word_1_464' title='bbox 967 2572 1103 2602; x_wconf 70' lang='lat' dir='ltr'>hostium</span> <span class='ocrx_word' id='word_1_465' title='bbox 1127 2571 1359 2609; x_wconf 75' lang='lat' dir='ltr'>receptaculum.</span> <span class='ocrx_word' id='word_1_466' title='bbox 1390 2585 1426 2590; x_wconf 89' lang='lat'>-—</span> <span class='ocrx_word' id='word_1_467' title='bbox 1447 2569 1563 2599; x_wconf 75' lang='lat' dir='ltr'>victore</span> <span class='ocrx_word' id='word_1_468' title='bbox 1587 2577 1648 2606; x_wconf 60' lang='lat' dir='ltr'>esc„</span> 
     </span>
     <span class='ocr_line' id='line_1_64' title="bbox 968 2613 1763 2655; baseline -0.005 -8"><span class='ocrx_word' id='word_1_469' title='bbox 968 2616 1041 2647; x_wconf 85' lang='lat' dir='ltr'>hier</span> <span class='ocrx_word' id='word_1_470' title='bbox 1075 2615 1139 2647; x_wconf 87' lang='lat' dir='ltr'>abl.</span> <span class='ocrx_word' id='word_1_471' title='bbox 1172 2615 1340 2655; x_wconf 67' lang='lat' dir='ltr'>instrum,</span> <span class='ocrx_word' id='word_1_472' title='bbox 1383 2623 1408 2644; x_wconf 82' lang='lat' dir='ltr'>c.</span> <span class='ocrx_word' id='word_1_473' title='bbox 1443 2614 1506 2653; x_wconf 84' lang='lat'>42,</span> <span class='ocrx_word' id='word_1_474' title='bbox 1547 2613 1577 2645; x_wconf 82' lang='lat'>6.</span> <span class='ocrx_word' id='word_1_475' title='bbox 1603 2629 1646 2633; x_wconf 86' lang='lat'>——</span> <span class='ocrx_word' id='word_1_476' title='bbox 1743 2621 1763 2655; x_wconf 56' lang='lat' dir='ltr'>js</span> 
     </span>
     <span class='ocr_line' id='line_1_65' title="bbox 967 2656 1724 2701; baseline -0.009 -7"><span class='ocrx_word' id='word_1_477' title='bbox 967 2673 1076 2701; x_wconf 60' lang='lat' dir='ltr'>recep„</span> <span class='ocrx_word' id='word_1_478' title='bbox 1101 2672 1125 2693; x_wconf 87' lang='lat' dir='ltr'>s.</span> <span class='ocrx_word' id='word_1_479' title='bbox 1153 2663 1184 2701; x_wconf 91' lang='grc'>2,</span> <span class='ocrx_word' id='word_1_480' title='bbox 1212 2661 1264 2700; x_wconf 87' lang='grc'>39,</span> <span class='ocrx_word' id='word_1_481' title='bbox 1293 2661 1324 2699; x_wconf 82' lang='grc'>4,</span> <span class='ocrx_word' id='word_1_482' title='bbox 1349 2659 1466 2691; x_wconf 83' lang='lat' dir='ltr'>anders</span> <span class='ocrx_word' id='word_1_483' title='bbox 1493 2668 1519 2689; x_wconf 87' lang='lat' dir='ltr'>e.</span> <span class='ocrx_word' id='word_1_484' title='bbox 1547 2658 1597 2698; x_wconf 93' lang='lat'>11,</span> <span class='ocrx_word' id='word_1_485' title='bbox 1616 2658 1649 2689; x_wconf 85' lang='lat'>7.</span> <span class='ocrx_word' id='word_1_486' title='bbox 1698 2656 1724 2683; x_wconf 71' lang='lat' dir='ltr'>1²v</span> 
     </span>
    </p>
   </div>
   <div class='ocr_carea' id='block_1_11' title="bbox 1676 1177 1763 2983">
    <p class='ocr_par' dir='ltr' id='par_1_16' title="bbox 1676 1177 1763 2983">
     <span class='ocr_line' id='line_1_66' title="bbox 1676 1177 1763 2983; baseline 0 0"><span class='ocrx_word' id='word_1_487' title='bbox 1676 1177 1763 2983; x_wconf 95' lang='lat' dir='ltr'> </span> 
     </span>
    </p>
   </div>
   <div class='ocr_carea' id='block_1_12' title="bbox 1761 315 1763 347">
    <p class='ocr_par' dir='ltr' id='par_1_17' title="bbox 1761 315 1763 347">
     <span class='ocr_line' id='line_1_67' title="bbox 1761 315 1763 330; baseline 0 0"><span class='ocrx_word' id='word_1_488' title='bbox 1761 315 1763 330; x_wconf 75' lang='lat'>1</span> 
     </span>
     <span class='ocr_line' id='line_1_68' title="bbox 1762 339 1763 347; baseline 0 0"><span class='ocrx_word' id='word_1_489' title='bbox 1762 339 1763 347; x_wconf 68' lang='grc'>1</span> 
     </span>
    </p>
   </div>
   <div class='ocr_carea' id='block_1_13' title="bbox 1760 2425 1763 2983">
    <p class='ocr_par' dir='ltr' id='par_1_18' title="bbox 1760 2425 1763 2983">
     <span class='ocr_line' id='line_1_69' title="bbox 1760 2425 1763 2983; baseline 0 0"><span class='ocrx_word' id='word_1_490' title='bbox 1760 2425 1763 2983; x_wconf 95' lang='lat' dir='ltr'> </span> 
     </span>
    </p>
   </div>
  </div>
 </body>
</html>
