1763 2983
270 118 351 160 184

754 118 877 151 LIBER
893 118 1004 152 XXII.
1030 116 1122 151 CAP.
1145 121 1194 154 14.

1526 125 1552 143 a.
1568 125 1596 144 u.
1618 117 1680 144 537.

268 221 425 261 foedera
445 227 481 260 et
501 222 594 260 deos
616 221 824 269 ciebamus,
844 222 1094 261 scandentem
1116 223 1268 262 moenia
1288 223 1485 261 Romanae
1509 222 1681 261 coloniae

229 290 248 322 8
269 278 524 318 Hannibalem
547 278 633 317 laeti
652 284 884 329 spectamus.

934 280 1067 318 fumus
1089 291 1135 317 ex
1158 279 1346 318 incendiis
1368 278 1544 317 villarum
1566 291 1680 330 agro-

269 347 436 385 rumque
456 335 496 372 in
518 335 652 373 oculos
674 340 788 385 atque
809 347 876 373 ora
892 335 1016 382 venit;
1038 340 1216 386 strepunt
1227 348 1338 374 aures
1350 334 1583 373 clamoribus
1593 336 1680 386 plo-

268 391 435 430 rantium
460 391 671 437 sociorum,
694 392 847 442 saepius
871 403 942 430 nos
960 404 1077 442 quam
1091 392 1256 431 deorum
1267 391 1531 430 invocantium
1543 403 1682 442 opem:

268 460 340 486 nos
366 448 428 486 hic
450 459 638 497 pecorum
659 448 777 487 modo
798 460 868 499 per
890 449 1054 487 aestivos
1076 449 1194 487 saltus
1216 449 1422 499 deviasque
1443 448 1544 486 callis
1568 460 1681 486 exer-

229 514 248 544 9
267 504 386 543 citum
413 504 592 543 ducimus
624 505 766 543 conditi
796 504 966 543 nubibus
996 505 1189 555 silvisque.

1250 505 1282 543 si
1312 505 1387 543 hoc
1418 504 1535 542 modo
1565 516 1679 555 pera-

271 561 416 612 grando
439 562 639 599 cacumina
662 561 858 612 saltusque
872 561 1259 612 M.Fu1·iusrecipere
1281 561 1425 600 aGallis
1448 561 1587 599 urbem
1609 573 1682 599 vo-

272 618 416 664 luisset,
448 629 526 668 quo
558 618 620 655 hic
650 630 777 656 novus
797 618 989 663 Camillus,
1020 618 1132 656 nobis
1161 618 1324 657 dictator
1345 618 1482 656 unicus
1505 617 1545 656 in
1564 617 1682 656 rebus

271 674 429 712 adfectis
455 674 663 724 quaesitus,
686 674 830 712 Italiam
853 674 899 712 ab
921 674 1133 713 Hannibale
1154 686 1384 725 recuperare
1405 680 1523 724 parat,
1554 674 1682 712 Gallo-

209 738 250 771 10
268 743 357 768 runi
378 731 503 769 Roma
524 736 634 777 esset,
659 743 776 781 quani
800 743 936 769 vereor
957 743 1005 769 ne
1027 731 1080 770 sic
1106 730 1376 769 cunctantibus
1398 730 1511 768 nobis
1531 729 1683 768 Hanni-

209 794 247 826 11
267 786 341 825 bali
362 799 405 825 ac
424 787 566 826 Poenis
588 787 728 826 totiens
751 788 989 826 servaverint
1008 788 1172 826 maiores
1193 787 1327 825 nostri.
1366 786 1433 825 sed
1455 786 1512 824 vir
1532 799 1574 824 ac
1594 799 1684 825 vere

271 844 484 890 Romanus,
515 856 593 894 quo
618 844 678 882 die
702 844 925 882 dictatorem
952 856 1041 882 eum
1063 857 1108 882 ex
1132 844 1354 882 auctoritate
1378 849 1531 893 patrum
1551 843 1682 881 iussu-

267 912 342 950 que
364 900 498 951 populi
522 900 666 939 dictum
686 901 800 938 Veios
822 900 989 938 adlatum
1012 906 1079 946 est,
1105 913 1194 938 cum
1218 906 1317 938 esset
1336 900 1425 938 satis
1445 900 1563 938 altum
1579 899 1682 938 Iani-

266 957 409 1003 culum,
437 957 503 995 ubi
533 957 672 995 sedens
705 962 970 1007 prospectaret
995 956 1158 1003 hostem,
1186 956 1384 995 descendit
1405 956 1445 994 in
1466 968 1603 994 aecum
1624 961 1681 994 at-

267 1026 343 1063 que
364 1014 426 1051 illo
447 1014 533 1063 ipso
555 1013 614 1051 die
637 1013 762 1051 media
782 1013 822 1051 in
843 1013 951 1057 urbe,
976 1025 1073 1062 quae
1096 1025 1200 1050 nunc
1224 1012 1335 1051 busta
1357 1012 1494 1051 Gallica
1516 1018 1617 1058 sunt,
1648 1018 1685 1051 et

209 1080 248 1113 12
266 1076 422 1120 postero
454 1070 514 1107 die
544 1070 635 1107 citra
666 1069 805 1107 Gabios
827 1069 961 1107 cecidit
985 1070 1183 1108 Gallorum
1204 1069 1387 1119 legiones.
1433 1066 1558 1119 quid?
1589 1075 1678 1119 post

266 1126 408 1164 multos
436 1138 559 1164 annos
591 1137 680 1163 cum
710 1126 757 1164 ad
778 1126 964 1163 Furculas
987 1125 1176 1164 Caudinas
1208 1125 1253 1163 ab
1276 1125 1445 1164 Samnite
1477 1125 1586 1163 hoste
1608 1124 1681 1163 sub

266 1182 402 1233 iugum
427 1182 533 1220 missi
554 1194 703 1227 sumus
725 1188 855 1220 utrum
873 1182 1027 1220 tandem
1047 1182 1088 1220 L.
1104 1182 1279 1233 Papirius
1301 1182 1445 1221 Cursor
1464 1181 1551 1232 iuga
1573 1181 1684 1220 Sam-

266 1317 304 1348 6:
333 1326 438 1355 nuper
464 1334 518 1355 -—,
545 1322 572 1348 et
594 1318 675 1357 quid
708 1318 776 1348 dico
813 1317 940 1355 nuper?

266 1365 358 1393 immo
377 1373 448 1393 vero
468 1364 557 1393 modo
582 1373 617 1394 ac
636 1364 735 1401 plane
755 1365 849 1400 paulo
869 1367 941 1393 {mee

265 1409 411 1439 vidimus.
437 1425 479 1428 —
504 1409 628 1448 iwdz‘qn.
654 1426 697 1429 —
724 1409 810 1447 eieb.,
844 1411 940 1438 unter

264 1453 517 1493 Aeusseruugen
534 1453 590 1484 des
610 1451 790 1484 Unwillens
817 1471 860 1474 —
880 1462 939 1483 an-

265 1497 380 1537 riefen,
408 1499 438 1537 2,
465 1499 518 1538 32,
545 1500 580 1531 4:
605 1501 766 1537 sumendo,
794 1498 862 1538 vgl.
884 1500 938 1532 45.

268 1545 320 1584 38,
353 1545 402 1577 12.
429 1562 472 1565 -—
496 1547 703 1583 scandentem,
734 1543 802 1584 vgl.
829 1545 858 1583 3,
885 1545 939 1583 67,

271 1591 322 1622 11.
356 1607 399 1611 —-
430 1592 507 1621 laeti
534 1589 716 1632 entspricht
748 1588 769 1630 ξ
802 1591 838 1621 4:
875 1600 940 1621 rem

262 1637 394 1675 fruend.
434 1637 548 1667 oeulis:
584 1639 669 1666 statt
710 1634 862 1675 unwillig
900 1645 940 1665 zu

265 1680 347 1717 sein,
374 1681 473 1712 seheu
492 1681 555 1711 xu'r
583 1691 666 1721 ganz
686 1681 849 1721 vergniigt
875 1680 939 1711 wie

266 1726 371 1758 einem
404 1726 616 1768 Schauspiele
650 1737 700 1765 zu,
735 1725 774 1757 H.
807 1728 858 1758 56.
896 1744 939 1747 —

265 1783 322 1803 nos
356 1789 399 1793 ——
432 1783 528 1811 opem,
570 1783 596 1805 S.
643 1774 673 1809 9,
714 1773 765 1807 12.
800 1772 835 1804 S:
869 1773 941 1803 deos

259 1819 422 1859 fidemque
445 1821 637 1850 invocantes.
660 1836 703 1839 —
721 1829 777 1848 nos
797 1819 847 1848 hie
866 1820 939 1856 etc.,

268 1863 331 1894 wir
354 1873 472 1903 sagen:
500 1864 564 1894 und
598 1863 670 1897 wir,
698 1863 855 1894 w'ahrcnd
881 1862 944 1893 wir

267 1920 297 1940 u.
323 1919 348 1940 s.
374 1919 415 1940 w.
451 1908 564 1940 Genau
597 1918 786 1949 genommen
812 1911 943 1939 vei-'tre-

268 1959 324 1985 ten
342 1955 460 1994 fumus
485 1972 528 1976 —
550 1965 635 1993 opem
654 1953 863 1985 Nebens'zitze
882 1953 941 1983 mit

268 2002 354 2033 dmn,
388 2010 413 2030 s.
448 2002 478 2033 5.
512 2001 542 2039 6,
579 2001 608 2031 3.
643 2017 686 2020 ——
719 2002 753 2029 in
786 2010 830 2031 00.
856 2011 884 2030 a.
915 2009 940 2029 o.

269 2048 363 2083 venit,
390 2045 521 2085 schliigt
553 2054 613 2075 uns
646 2044 694 2075 ins
729 2043 875 2080 Gesicht,
904 2042 941 2073 H.

271 2091 346 2123 384.
372 2108 415 2111 —
435 2101 538 2129 peeor.
572 2092 663 2123 mod..
699 2088 759 2120 auf
789 2089 845 2120 (las
874 2087 942 2119 Ob-

266 2135 337 2176 ject
357 2136 520 2175 bezogen:
546 2135 611 2166 wie
628 2133 762 2175 geffihrt
781 2153 824 2156 —
846 2133 941 2171 wir-(l,

272 2181 337 2221 vgl.
366 2182 418 2214 38.
453 2183 502 2218 17,
531 2182 569 2220 63
595 2180 712 2211 amlers
731 2182 784 2219 40,
805 2181 859 2215 27.
885 2180 942 2213 12:

269 2229 324 2267 35,
354 2228 403 2265 18,
431 2229 469 2266 6,
495 2225 562 2266 vgl.
589 2225 671 2256 Nou.
700 2224 800 2256 Marc.
828 2235 855 2266 p.
879 2226 941 2257 197

269 2273 319 2304 ed.
343 2271 462 2304 Mero:
497 2271 611 2302 Livius
644 2271 702 2304 lih.
737 2270 855 2302 XXII:
880 2272 946 2301 πίει·

270 2317 305 2359 (l.
330 2329 388 2349 nos
412 2318 472 2350 hiat
498 2328 648 2356 pecorum
681 2319 768 2347 modo
795 2327 856 2355 per
881 2327 944 2347 (m-

266 2371 376 2405 yustos
396 2366 496 2395 saltus
513 2369 540 2395 et
564 2365 586 2394 d
593 2365 656 2395 evi
663 2374 703 2394 as
723 2364 822 2393 ealles.
858 2360 943 2392 ldem

269 2408 317 2440 sic
343 2408 549 2450 frequentem
583 2418 609 2439 S.
645 2409 697 2447 31,
731 2409 785 2446 42,
821 2408 859 2441 8,
889 2408 942 2439 36,

273 2456 323 2491 15,
361 2456 399 2491 9,
433 2456 486 2488 38.
513 2456 544 2486 2.
584 2455 634 2493 10,
660 2453 702 2483 ib.
737 2455 791 2491 40,
821 2453 871 2485 12.
901 2470 943 2473 —

269 2503 378 2533 aestiv.
411 2512 446 2534 s..
481 2499 624 2539 waldige
658 2498 780 2537 Ho'hen,
814 2507 865 2527 wo
901 2497 944 2527 im

269 2544 414 2577 Summer
445 2545 502 2576 das
535 2545 621 2576 Vieh
652 2543 781 2575 weidet.
814 2561 857 2564 —
889 2545 943 2574 de-

1010 1319 1080 1348 vias
1105 1327 1141 1353 e.,
1176 1314 1367 1357 Bergpfade,
1402 1314 1453 1346 die
1486 1319 1578 1346 soust
1611 1314 1684 1346 nie-

1009 1362 1106 1393 mand
1131 1361 1267 1392 betritt:
1302 1371 1327 1392 e.
1364 1362 1415 1400 15,
1457 1362 1514 1401 10,
1548 1362 1600 1401 35,
1628 1362 1682 1400 30,

1013 1409 1071 1440 10:
1104 1409 1201 1438 deviis
1233 1409 1363 1438 callibus
1394 1408 1492 1438 medio
1537 1409 1620 1438 saltu
1654 1418 1686 1438 se

1007 1454 1204 1491 recipiebant.
1234 1471 1277 1473 —
1303 1454 1457 1484 ducamus
1492 1452 1532 1483 da
1566 1462 1602 1483 er
1625 1462 1684 1483 zu-

1009 1499 1127 1529 naehst
1162 1508 1201 1529 zu
1238 1498 1298 1529 deu
1337 1496 1511 1528 Officieren
1540 1497 1683 1549 spricht.

1009 1546 1098 1576 cond.
1124 1545 1212 1575 nub.
1240 1542 1326 1574 Plut.
1344 1553 1436 1587 ‘115qu
1455 1554 1511 1574 και
1533 1539 1686 1587 ὁμίχλας

1008 1584 1266 1635 προβαλλόιιεπ
1270 1601 1307 1626 ος
1333 1585 1607 1633 ἀποὸιδράσκει.

1055 1658 1302 1689 9—11.720v2(3
1327 1656 1358 1686 in
1386 1656 1494 1696 Bezug
1522 1654 1582 1687 auf
1595 1657 1686 1688 nobis

1009 1721 1052 1725 —
1069 1705 1245 1744 quaesitus:
1272 1701 1337 1732 Cic.
1358 1700 1441 1732 Phil.
1472 1702 1522 1740 13,
1551 1703 1603 1742 11,
1622 1703 1686 1734 25:

1007 1760 1084 1780 nove
1112 1750 1296 1787 Hamzibalg
1334 1747 1420 1778 Vell.
1453 1745 1524 1778 Pat,
1559 1748 1591 1787 2,
1627 1748 1686 1780 82:

1008 1805 1125 1826 novum
1153 1805 1184 1824 se
1200 1795 1352 1825 Libermn
1378 1795 1504 1824 Patrem
1531 1794 1690 1832 appellari

1013 1843 1116 1872 iussit.
1146 1857 1189 1860 —
1220 1841 1392 1879 quaesitus,
1429 1848 1454 1868 e.
1489 1840 1544 1877 27,
1579 1839 1618 1871 3;
1659 1839 1687 1877 1,

1014 1886 1067 1921 23,
1106 1887 1154 1918 10.
1190 1902 1232 1905 —
1267 1885 1472 1920 servaverim,
1510 1883 1568 1914 (las
1600 1882 1686 1915 Pers.

1013 1930 1107 1970 Conj.
1123 1929 1316 1961 bezeichnet
1341 1929 1373 1959 in
1395 1928 1610 1969 Yerbiudung
1627 1928 1686 1960 mit

1011 1987 1119 2008 vereor
1143 1975 1204 2006 den
1229 1973 1401 2015 kiinftigen
1418 1973 1545 2014 Erfolg,
1574 1976 1604 2013 6,
1636 1976 1686 2014 14,

1012 2024 1050 2060 4,
1070 2022 1124 2059 33,
1152 2022 1201 2053 11,
1221 2022 1251 2056 6,
1277 2020 1342 2059 vgl.
1365 2021 1418 2058 21,
1440 2020 1493 2059 33,
1512 2021 1542 2052 9.
1561 2037 1604 2041 —-
1620 2021 1685 2059 vir,

1016 2068 1042 2104 1,
1070 2068 1124 2102 41,
1154 2067 1183 2098 3.
1210 2084 1252 2087 —
1282 2077 1353 2097 vere
1381 2067 1481 2102 Rom„
1508 2067 1539 2104 7,
1569 2066 1619 2105 13,
1646 2066 1686 2104 93

1013 2114 1067 2149 39,
1103 2113 1156 2147 37.
1191 2112 1228 2144 9:
1262 2123 1331 2142 vere
1363 2122 1536 2142 servorum.
1571 2128 1614 2132 —-
1647 2122 1685 2142 ex

1012 2164 1093 2189 auec.
1120 2161 1192 2193 etc.,
1219 2167 1244 2187 c.
1265 2158 1294 2194 S.
1318 2159 1355 2194 5,
1381 2167 1407 2187 e.
1432 2157 1462 2194 3,
1486 2157 1543 2195 10,
1571 2158 1601 2195 5,
1628 2157 1683 2193 46,

1016 2204 1065 2236 10.
1099 2220 1141 2225 —-
1171 2203 1286 2239 Iamo„
1321 2202 1379 2232 der
1411 2202 1547 2232 hochste
1582 2200 1687 2242 Hiigel

1011 2247 1119 2287 Roms,
1135 2248 1163 2278 d.
1179 2247 1336 2279 Camillus
1351 2257 1415 2277 von
1429 2246 1504 2278 Veii
1518 2246 1685 2278 kommend

1012 2298 1123 2325 zuei-st
1149 2293 1321 2325 erreichen
1346 2292 1478 2324 konute.
1504 2309 1547 2314 —
1568 2294 1685 2331 sedens,

1013 2350 1039 2370 c.
1067 2340 1097 2377 3,
1128 2340 1177 2372 10.
1197 2357 1239 2360 -
1256 2350 1337 2379 quae
1360 2340 1459 2377 busta,
1481 2337 1686 2377 Atti-action,

1012 2385 1079 2425 vgl.
1106 2386 1160 2421 27,
1186 2386 1240 2423 42,
1270 2386 1326 2423 1ος
1352 2393 1391 2414 zu
1413 2393 1438 2414 c.
1464 2383 1513 2422 12,
1543 2384 1578 2421 1,
1604 2383 1687 2413 (loch

1012 2430 1141 2461 scheiut
1167 2430 1224 2461 der
1249 2429 1328 2460 Satz
1352 2428 1425 2459 hier
1459 2428 1510 2459 ein
1537 2426 1687 2459 Glossem

1012 2486 1052 2507 zu
1075 2475 1146 2507 sein
1170 2485 1228 2506 aus
1255 2477 1284 2513 5,
1311 2475 1365 2513 43,
1392 2475 1422 2506 3.

1064 2544 1202 2575 12—15.
1229 2543 1284 2573 sub
1304 2543 1378 2583 inq„
1398 2543 1428 2581 9,
1448 2543 1479 2581 6,
1502 2543 1530 2574 1.
1566 2552 1685 2577 sumus,
