1763 2983
116 219 148 237 a.
169 210 220 237 Ch.
241 209 303 236 215.

557 207 683 242 LIBER
708 208 835 242 XXIII.
860 209 952 242 CAP.
977 211 1031 244 46.
1050 211 1102 245 47.

1456 208 1540 250 383

119 315 223 354 inter
261 314 402 353 multos
433 312 582 352 nobiles
611 313 758 364 equites
790 313 1007 364 Campanos
1035 313 1219 352 Cerrinus
1238 311 1419 351 Vibellius
1450 318 1541 358 erat,
1564 329 1602 360 12

122 371 357 423 cognomine
387 370 548 409 Taurea.
592 370 684 408 civis
714 369 886 409 indidem
916 376 1007 417 erat,
1034 370 1149 420 longe
1176 369 1352 407 omnium
1376 369 1540 420 Campa-

122 439 268 467 norum
289 426 524 466 fortissimus
545 438 676 477 eques,
699 427 793 465 adeo
818 433 870 473 ut,
895 439 983 465 cum
1006 426 1107 477 apud
1129 427 1327 465 Romanos
1351 425 1541 471 militaret,

122 497 226 523 unus
265 497 355 522 eum
384 484 585 522 Romanus
619 483 799 522 Claudius
827 483 977 522 Asellus
1006 483 1123 534 gloria
1154 482 1324 533 equestri
1349 488 1541 533 aequaret.

122 547 218 580 tunc
245 541 405 586 Taurea,
437 552 527 578 cum
558 540 623 578 diu
655 540 894 590 perlustrans
926 540 1046 578 oculis
1078 539 1338 590 obequitasset
1368 539 1541 577 hostium
1564 554 1602 586 13

121 597 274 644 turmis,
305 597 456 636 tandem
489 596 638 635 silentio
671 598 784 643 facto,
820 596 885 635 ubi
904 603 1004 635 esset
1024 596 1204 635 Claudius
1227 595 1388 642 Asellus,
1420 607 1541 646 quae-

120 654 221 701 sivit,
253 660 289 692 et
309 654 495 704 quoniam
516 652 642 691 verbis
673 665 806 692 secum
830 653 877 691 de
899 653 1038 691 virtute
1058 652 1252 704 ambigere
1273 652 1408 691 solitus
1429 657 1541 698 esset,
1564 671 1605 704 14

123 723 194 749 cur
216 722 296 748 non
319 712 423 748 ferro
445 710 671 748 decerneret
690 710 873 760 daretque
895 710 1022 760 opima
1046 710 1167 760 spolia
1189 709 1311 748 victus
1334 715 1399 747 aut
1420 708 1543 748 victor

123 773 287 817 caperet.
333 767 436 805 Haec
463 767 530 805 ubi
551 767 678 805 Asello
708 772 800 804 sunt
829 766 1000 804 nuntiata
1022 766 1063 804 in
1087 771 1221 812 castra,
1250 766 1288 804 id
1312 765 1430 803 modo
1453 778 1540 804 mo-
1561 779 1620 819 47

122 829 250 871 ratus,
282 830 323 862 ut
353 823 554 861 consulem
581 828 920 873 percunctaretur,
951 822 1132 861 liceretne
1159 828 1263 860 extra
1295 822 1472 860 ordinem
1502 822 1542 860 in

123 885 401 932 provocantem
433 880 585 917 hostem
606 891 791 929 pugnare,
816 879 1009 929 permissu
1031 879 1113 917 eius
1136 890 1241 917 arma
1264 879 1455 929 extemplo
1478 891 1542 917 ce—

122 937 188 987 pit,
210 942 497 987 provectusque
517 941 604 974 ante
627 935 808 974 stationes
829 948 929 986 equo
952 936 1143 974 Tauream
1167 935 1326 973 nomine
1346 935 1542 986 conpella-
1563 956 1582 987 2

122 993 178 1032 vit
207 993 482 1044 congredique,
514 992 580 1030 uhi
608 993 729 1038 vellet,
760 992 881 1031 iussit.
927 992 1004 1030 iam
1022 992 1189 1031 Romani
1214 992 1260 1030 ad
1281 992 1543 1043 spectaculum
1565 1011 1583 1043 3

123 1061 277 1100 pugnae
308 1049 390 1088 eius
421 1050 644 1099 frequentes
670 1049 852 1095 exierant,
882 1054 918 1087 et
940 1049 1124 1099 Campani
1154 1060 1235 1087 non
1263 1049 1404 1087 vallum
1424 1048 1543 1088 modo

124 1111 343 1144 castrorum
384 1105 450 1144 sed
492 1105 645 1143 moenia
684 1105 795 1144 etiam
828 1105 935 1144 urbis
966 1110 1258 1156 prospectantes
1292 1105 1544 1156 repleverant,

125 1174 216 1200 cum
245 1163 320 1201 iam
351 1168 437 1200 ante
465 1161 660 1200 ferocibus
691 1162 800 1200 dictis
830 1174 913 1200 rem
942 1161 1219 1200 nobilitassent.
1250 1162 1398 1200 infestis
1426 1162 1544 1200 hastis
1563 1178 1584 1209 4

123 1218 370 1257 concitarunt
399 1230 542 1269 equos3
574 1219 663 1256 dein
692 1218 813 1257 libero
845 1219 966 1270 spatio
997 1219 1098 1257 inter
1126 1231 1166 1257 se
1194 1218 1433 1257 ludificantes
1461 1219 1546 1257 sine

124 1276 286 1314 vulnere
317 1287 489 1326 pugnam
520 1275 781 1314 extrahebant.
827 1282 910 1314 tum
936 1276 1156 1326 Campanus
1186 1276 1362 1314 Romano
1394 1287 1544 1325 „equo-
1566 1292 1580 1302 ν

123 1335 238 1371 rum“
267 1333 394 1382 inquit
419 1332 530 1378 „110c,
561 1344 641 1370 non
674 1333 849 1383 equitum
880 1332 952 1371 erit
971 1339 1178 1379 certamen,
1210 1332 1283 1370 nisi
1306 1344 1325 1370 e
1346 1344 1483 1382 campo
1504 1332 1545 1370 111

125 1401 257 1427 cavam
295 1389 394 1427 hanc
424 1389 525 1427 viam
556 1389 792 1427 demittimus
824 1401 959 1439 equos.

179 1547 321 1579 12-14.
345 1547 473 1586 nobiles,
488 1555 514 1579 s,
533 1556 561 1578 o.
575 1548 614 1587 4,
629 1548 668 1585 ὃς
687 1556 727 1577 zu
749 1547 798 1582 10,

125 1592 187 1631 28,
226 1593 256 1624 7.
285 1608 330 1614 -
354 1593 506 1624 Cerrinus
544 1591 590 1623 ist
621 1591 798 1632 Vorname,

125 1637 271 1678 dagegen
289 1638 342 1672 39,
376 1639 426 1677 13,
455 1638 492 1675 9;
517 1636 561 1669 ib.
585 1639 635 1677 19,
662 1640 698 1670 2:
726 1640 800 1670 Cer-

124 1684 234 1714 rinius
259 1681 372 1714 Name.
399 1701 442 1705 —
467 1685 542 1714 civis
565 1685 714 1723 indidem,
743 1693 799 1714 aus

127 1727 250 1770 Capua,
277 1728 524 1770 campanischer
549 1729 685 1770 Biirger,
713 1739 740 1761 c.
769 1730 799 1768 7,

131 1775 167 1814 1,
194 1773 285 1805 nicht
310 1773 509 1813 riimischer,
537 1775 578 1805 da
603 1774 676 1806 eine
703 1773 799 1805 Orts-

126 1818 344 1860 bestimmung
376 1819 428 1851 1101
462 1822 537 1851 civis
562 1820 714 1860 angiebt,
748 1830 800 1850 wo

127 1865 188 1896 der
211 1864 382 1897 Genannte
402 1865 526 1906 Biirger
550 1865 605 1905 ist,
632 1876 656 1897 s.
675 1865 755 1897 Sall.
778 1865 799 1897 I.

125 1911 187 1943 69:
213 1913 382 1950 Turpilius
407 1929 452 1932 -
484 1914 560 1942 civis
583 1922 598 1942 e
628 1913 732 1951 Latio,
762 1910 801 1942 h'.

128 1958 182 1989 55.
231 1956 312 1987 Dass
345 1955 395 1987 die
436 1966 580 1998 campan.
615 1956 725 1989 Ritter
751 1957 801 1988 als

126 2002 238 2033 solche
272 2002 328 2033 das
363 2003 441 2033 ro'm.
467 2002 688 2043 Biirgerreeht
712 2002 802 2033 nicht

127 2047 263 2085 hatten,
290 2047 379 2088 zeigt
407 2058 433 2079 c.
461 2049 522 2091 313
548 2048 614 2089 xfgl.
647 2059 674 2079 c.
703 2050 734 2085 5,
763 2050 798 2087 93

127 2091 210 2123 iiber
233 2094 372 2124 indidem
397 2103 423 2123 s.
446 2095 499 2132 27,
534 2095 583 2133 12,
611 2096 698 2126 5.—
716 2097 805 2134 apud

127 2140 178 2177 R„
208 2137 241 2168 111
266 2138 324 2169 der
347 2141 399 2169 ala
424 2138 481 2169 (101·
505 2138 695 2180 Campaner,
721 2150 746 2172 s.
773 2150 802 2172 0.

128 2185 161 2223 4,
190 2185 228 2222 8;
259 2185 308 2223 10,
336 2184 390 2222 29,
419 2185 523 2216 12.—
541 2190 615 2216 tuno
635 2189 708 2225 etc„
735 2186 802 2226 vgl.

128 2227 206 2259 Tac.
225 2228 308 2260 Anu.
335 2230 365 2270 2,
391 2230 451 2261 45:
480 2240 515 2260 ac·
538 2235 613 2261 tuno
629 2232 803 2262 Arminius

128 2285 206 2314 equo
221 2277 419 2306 conlustrans
433 2281 545 2306 cuncta
557 2293 599 2297 -—
614 2277 783 2308 ostentabat
793 2290 803 2315 ,-

129 2319 182 2351 die
207 2319 278 2351 Hss.
305 2320 412 2351 haben
436 2322 530 2355 laune,
558 2331 628 2352 was
653 2321 704 2353 die
733 2320 802 2352 An-

129 2366 246 2396 nahme
294 2365 383 2397 eines
423 2365 647 2398 Anacoluthes
690 2366 804 2407 niithig

129 2411 270 2442 maehte.
304 2411 352 2442 Zu
370 2414 574 2451 perlustrans
594 2412 637 2443 ist
657 2423 714 2443 aus
732 2413 803 2444 dem

129 2455 223 2497 Folg.
249 2464 370 2489 turmas
395 2459 531 2489 hostium
558 2458 804 2489 2111113οΚ011.-

128 2504 261 2543 ambi-q„
291 2503 357 2543 vgl.
384 2505 437 2538 40,
468 2505 518 2539 15,
545 2505 582 2539 4;
613 2505 665 2538 21,
692 2504 746 2543 31,
773 2505 803 2536 6.

134 2565 174 2568 ⁷—
200 2551 301 2585 opima
329 2560 375 2588 sp.
408 2548 453 2579 ist
481 2549 553 2580 hier
577 2549 610 2580 111
635 2549 805 2580 weiterem

131 2591 247 2624 Sinne:
287 2593 469 2634 gliinzende
494 2595 678 2626 ruhmvolle
705 2593 804 2626 waf-

131 2636 283 2670 fenbeute
300 2639 491 2681 gebrant-ht,
512 2640 590 2672 aber
608 2640 805 2673 absichtlich

1020 1389 1072 1427 ibi
1100 1389 1204 1427 1111110
1231 1389 1278 1427 ad
1303 1388 1545 1440 evagandum

869 1546 941 1578 dem
982 1546 1185 1588 111-(11110οᾱοη
1228 1545 1359 1577 Taurea
1408 1545 1441 1577 in
1484 1546 1545 1578 (1011

870 1592 969 1623 Mund
997 1591 1119 1633 gelegt,
1145 1602 1169 1623 s.
1198 1594 1229 1633 4,
1255 1593 1308 1625 20,
1336 1593 1374 1631 6,
1399 1601 1545 1632 genauer

869 1638 962 1669 ware
984 1641 1222 1677 provocatoria,
1250 1636 1335 1668 Gell.
1364 1639 1396 1677 2,
1426 1639 1477 1676 11,
1507 1639 1544 1671 3:

869 1687 969 1723 spolia
991 1686 1146 1715 militaria
1171 1685 1278 1715 habuit
1305 1685 1483 1724 multiiuqa,
1512 1686 1545 1714 in

870 1731 921 1760 his
939 1732 1163 1769 provocatoria
1188 1732 1341 1770 pleraque
1350 1740 1361 1767 ;
1385 1728 1466 1760 iiber
1491 1728 1542 1760 die

870 1773 1220 1815 Herausforderungen
1246 1785 1272 1805 s.
1297 1784 1323 1805 c.
1353 1776 1411 1813 16,
1438 1776 1478 1817 43
1512 1777 1542 1809 ὃ,

871 1823 901 1861 7,
932 1822 980 1853 12.
995 1839 1033 1842 —
1051 1824 1149 1852 victus
1173 1823 1256 1857 vict„
1284 1819 1378 1851 beide
1398 1819 1542 1861 bedingt,

1564 1302 1583 1323 Ο

870 1868 933 1905 21,
971 1868 1031 1905 43,
1066 1869 1102 1906 53
1129 1866 1308 1897 chiastisch
1339 1875 1544 1897 zusammen-
1580 1901 1584 1909 .

869 1911 1013 1953 gestellt.

916 1955 985 1994 47.
1017 1959 1112 1990 1-5.
1137 1959 1174 1989 id
1195 1969 1254 1997 m,
1290 1967 1351 1987 nur
1375 1967 1410 1988 so
1434 1957 1542 1998 lange.

872 2003 938 2043 vgl.
965 2005 1026 2040 27,
1053 2005 1115 2043 42,
1146 2004 1204 2041 13,
1237 2003 1302 2043 vgl.
1328 2012 1354 2033 c.
1380 2004 1420 2041 4,
1448 2005 1476 2043 7,
1504 2001 1543 2034 R.

874 2050 946 2087 156,
967 2050 1042 2081 231.
1061 2069 1097 2072 —
1113 2055 1275 2088 perennat.
1293 2051 1368 2082 etc,
1382 2059 1406 2080 s.
1434 2050 1464 2088 7,
1492 2050 1542 2087 10,

872 2096 902 2127 2.
921 2113 966 2117 -
989 2097 1131 2126 exierant
1147 2113 1191 2116 —
1210 2096 1299 2134 repa,
1324 2105 1348 2126 s.
1376 2096 1430 2131 21,
1457 2096 1488 2133 6,
1514 2096 1544 2127 6.

870 2142 1032 2181 exierant,
1072 2152 1113 2180 11„
1138 2151 1174 2171 ex
1198 2142 1285 2172 urbe.
1313 2158 1355 2162 —-
1376 2147 1543 2179 prospect..

872 2188 925 2225 22,
941 2187 991 2225 14,
1007 2187 1043 2218 11
1056 2198 1063 2225 3
1075 2186 1156 2217 iiber
1167 2186 1224 2217 das
1234 2189 1317 2227 part.
1328 2195 1434 2227 praes,
1447 2187 1500 2225 21,
1512 2187 1542 2218 6.

872 2233 909 2264 2:
943 2239 1078 2263 orantes.
1104 2249 1147 2253 ——
1171 2233 1308 2270 nobilia,
1346 2231 1448 2262 durch
1473 2231 1545 2262 ihre

871 2276 982 2308 Reden
1008 2277 1057 2308 als
1075 2277 1168 2308 einen
1188 2276 1451 2316 merkwiirdigcn
1471 2276 1547 2307 dar-

872 2323 1023 2362 gestent,
1067 2323 1119 2354 die
1152 2322 1352 2362 Erwartung
1386 2325 1546 2363 gespannt

872 2369 999 2408 hatten,
1026 2370 1078 2408 22,
1106 2370 1160 2407 43,
1187 2369 1215 2400 9.
1257 2370 1316 2402 int.
1345 2378 1386 2404 se,
1414 2370 1468 2407 44,
1488 2369 1541 2401 24,

874 2415 903 2446 S.
941 2416 1008 2445 sine
1032 2425 1071 2454 w,
1099 2415 1182 2444 ohne
1212 2413 1286 2444 dass
1311 2413 1358 2444 sie
1375 2413 1445 2444 sich
1467 2423 1544 2444 ver—

871 2459 1058 2490 wundeteu.
1085 2477 1125 2480 —
1151 2461 1292 2490 Romano
1321 2476 1363 2481 ——
1383 2462 1461 2500 inq„
1489 2460 1543 2494 22,

873 2506 904 2541 6,
932 2506 961 2537 3.
981 2522 1022 2526 ——
1039 2506 1085 2535 ad
1105 2515 1202 2546 emta,
1229 2506 1282 2545 21,
1308 2506 1360 2544 25,
1391 2506 1440 2537 10.
1477 2515 1544 2536 eva-

869 2552 983 2591 9and.‚
1008 2560 1060 2580 11111
1085 2550 1352 2587 auszuweiehen,
1379 2549 1411 2580 in
1436 2550 1546 2590 Bezug

873 2594 933 2625 auf
961 2597 1176 2636 ludrfioanteS.
1216 2596 1283 2637 vgl.
1311 2597 1372 2631 22,
1413 2597 1474 2637 47,
1512 2597 1543 2629 2.

873 2640 1051 2683 (1011150110.)
