1763 2983
96 165 121 184 a.
143 157 191 183 (th.
213 160 261 183 ΗΠ
284 151 368 187 (376).
570 157 691 189 LIBER
719 157 773 189 VI.
815 157 906 190 CAP.
935 158 987 190 34.
1005 158 1056 190 35.
1459 160 1503 198 71

95 274 182 313 que
205 274 300 300 nuni
324 261 414 311 quid
440 260 561 308 vellet,
586 260 700 299 credo
722 260 966 300 fortunatum
990 261 1282 300 matrimonium
1306 261 1340 300 ei
1362 261 1507 300 soiwiis

96 318 231 365 visum,
262 317 400 368 suique
422 317 546 368 ipsam
569 318 669 356 malo
692 316 861 364 arbitrio,
893 330 969 368 quo
992 331 1013 357 a
1034 318 1220 369 ploximis
1243 318 1407 370 quisque
1429 318 1504 356 mi-

96 375 202 414 nime
223 374 360 413 anteili
383 375 475 420 vult,
499 374 750 426 paenituisse.
787 374 991 412 confusam
1014 387 1098 414 eam
1125 388 1172 414 ex
1202 375 1350 414 recenti
1373 387 1506 414 lnoisu
1540 385 1558 415 8

95 431 215 471 animi
237 444 325 470 cum
347 437 457 482 pater
477 431 578 470 forte
600 430 772 477 vidisset,
793 436 1045 482 percontatus
1067 432 1193 478 „satin
1215 433 1344 471 salve“
1358 430 1378 470 ⁶?
1402 444 1511 470 aver-

95 494 245 528 tentem
268 501 422 527 causam
445 488 602 531 doloris,
625 488 768 539 quippe
789 499 861 526 nec
887 488 981 526 satis
1003 488 1105 539 piam
1127 489 1310 529 adversus
1333 501 1510 528 sororem

95 558 168 585 nec
188 545 401 584 admodum
422 545 462 583 in
486 544 609 584 virum
632 544 901 591 honorificam,
931 544 1062 583 elicuit
1085 546 1246 584 comiter
1267 546 1508 592 sciscitando,

97 608 135 642 ut
158 603 348 642 fateretur
367 615 452 641 eam
475 614 560 641 esse
591 614 746 640 causam
770 601 927 649 doloris,
960 602 1064 653 quod
1087 601 1216 641 iuncta
1238 603 1361 653 inpari
1391 608 1509 648 esset,
1539 609 1558 640 9

95 665 215 710 nupta
237 660 276 698 in
299 659 427 705 domo,
451 672 568 711 quam
590 671 663 698 nec
683 659 809 697 honos
832 671 905 698 uec
926 658 1046 709 gratia
1068 658 1213 697 intrare
1235 664 1375 710 posset.
1415 673 1511 698 con-
1545 669 1582 702 10

94 717 221 756 solans
243 716 331 755 inde
352 716 469 755 filiam
491 716 707 755 Ambustus
728 715 878 754 bonum
903 716 1077 754 animum
1100 710 1242 754 habere
1265 715 1395 754 iussit:
1420 729 1509 755 eos-

95 774 181 812 dem
205 785 327 824 prope
349 773 451 812 diem
474 772 580 812 domi
602 773 771 811 visuram
794 772 975 818 honores,
1007 785 1105 824 quos
1128 772 1226 822 apud
1255 784 1430 811 sororem
1452 772 1510 810 vi-

95 831 192 869 deat.
235 830 326 868 inde
349 830 508 870 consilia
529 829 628 869 inire
658 842 745 868 cum
771 841 916 880 genero
943 829 1071 880 coepit
1101 828 1273 867 adhibito
1295 829 1337 867 L.
1362 829 1508 875 Sextio,
1545 836 1580 867 11

94 893 254 926 strenuo
277 887 528 926 adulescente
551 892 588 925 et
610 886 719 926 cuius
751 886 833 938 spei
855 886 953 925 nihil
983 891 1136 938 praeter
1157 898 1279 937 genus
1302 885 1510 937 patricium

96 945 260 983 deesset.

207 1001 366 1040 Occasio
381 1000 585 1040 videbatur
601 1012 734 1039 rerum
752 1000 1022 1039 novandarum
1036 1004 1197 1051 propter
1212 1000 1412 1051 ingentem
1432 999 1509 1039 vini

94 1058 192 1099 aeris
214 1058 339 1103 alieni,
364 1058 475 1097 cuius
492 1058 668 1097 levamen
690 1057 781 1096 mali
804 1057 928 1108 plebis
947 1057 1021 1096 nisi
1038 1057 1119 1096 suis
1142 1056 1182 1096 in
1202 1070 1360 1096 summo
1383 1057 1511 1109 impe-

94 1117 150 1155 rio
173 1115 306 1154 locatis
327 1115 478 1154 nullum
508 1118 702 1165 speraret:
735 1114 1017 1164 accingendum
1049 1115 1096 1153 ad
1124 1127 1209 1152 eam
1233 1114 1510 1165 cogitationem

95 1185 202 1216 esse,
226 1171 403 1210 conando
426 1171 655 1223 agendoque
679 1171 753 1209 iam
777 1184 822 1209 eo
845 1171 1006 1221 gradum
1024 1171 1161 1210 fecisse
1184 1171 1370 1222 plebeios,
1392 1171 1509 1218 unde,

95 1230 127 1268 si
149 1241 264 1280 porro
283 1228 520 1275 adnitantur,
543 1227 745 1280 pervenire
764 1228 808 1267 ad
828 1240 983 1266 summa
1004 1233 1043 1266 et
1063 1227 1240 1279 patribus
1258 1228 1415 1279 aequari
1432 1233 1511 1267 tam

95 1287 240 1325 honore
263 1298 377 1336 quain
401 1285 541 1324 virtute
562 1290 735 1335 possent.
778 1284 817 1323 in
841 1284 1061 1335 praesentia
1078 1284 1259 1324 tribunos
1282 1285 1406 1336 plebis
1425 1285 1509 1324 fieri
1540 1294 1558 1325 3

96 1342 246 1393 placuit,
276 1355 354 1393 quo
378 1342 417 1380 in
442 1342 673 1392 magistratu
695 1341 854 1380 sibimet
879 1341 952 1392 ipsi
975 1341 1077 1380 viam
1099 1342 1146 1380 ad
1169 1346 1319 1380 ceteros
1341 1342 1513 1381 honores

93 1399 298 1451 aperirent.
330 1398 525 1449 creatique
546 1398 698 1437 tribuni
719 1399 759 1437 C.
783 1398 956 1438 Licinius
979 1402 1017 1437 et
1038 1398 1079 1436 L.
1105 1398 1261 1437 Sextius
1283 1399 1508 1450 promulga—
1538 1408 1557 1439 4

1541 1002 1594 1041 35

1541 1123 1559 1153 hl·

93 1491 232 1523 Ansicht
251 1489 374 1530 (eredo)
393 1490 452 1521 mit
466 1490 526 1522 der
539 1490 762 1531 Erbitterung

94 1537 175 1568 iiber
192 1537 252 1568 den
268 1536 364 1578 Spott
382 1536 424 1567 iin
443 1535 606 1568 Gemiithe
624 1536 684 1568 der
698 1535 762 1567 Fa-

93 1583 144 1614 bia
181 1581 369 1613 verbiudet.
395 1600 438 1604 —
464 1592 542 1613 num
574 1581 655 1623 quid
686 1586 763 1622 etc.,

94 1629 176 1659 nach
188 1627 307 1659 Donat.
320 1639 326 1658 :
345 1638 424 1658 num
440 1627 521 1668 quid
537 1629 584 1659 vis
595 1627 763 1659 disceden-

92 1675 138 1705 tis
156 1672 347 1704 vocabulum
363 1675 418 1714 est,
436 1673 528 1705 hier:
547 1673 587 1704 ob
603 1683 639 1705 er
657 1677 763 1704 etwas

93 1731 132 1750 zu
151 1717 302 1750 befehlen
321 1718 416 1750 habe.
437 1737 478 1740 —
498 1719 653 1757 arbitrio,
674 1718 763 1750 will-

94 1764 258 1802 kiirliche,
277 1764 528 1804 unhegriiudete
546 1764 700 1796 Ansicht.
719 1782 764 1787 —

93 1821 164 1852 quo,
184 1810 250 1850 vgl.
273 1810 302 1849 2,
325 1808 375 1850 13,
396 1809 425 1841 2.

138 1856 209 1887 S—
223 1856 271 1887 10.
324 1855 523 1897 confusam,
561 1855 764 1894 verstimmt,

92 1911 211 1933 ausser
228 1900 389 1941 Fassung,
407 1911 433 1932 s.
453 1911 480 1932 c.
501 1900 533 1940 6,
552 1901 581 1932 7.
608 1920 650 1924 -
677 1903 763 1932 satin

94 1958 133 1987 .s·.,
152 1946 183 1984 3,
202 1947 256 1987 26,
276 1946 306 1978 9.
334 1965 369 1968 ---
386 1948 611 1987 avertentem,
639 1947 690 1978 als
714 1947 764 1978 sie

93 1992 147 2024 die
157 1991 303 2024 Ursache
313 1992 765 2033 unte1·schlagen,verhein1—

94 2038 204 2069 lichen
219 2038 348 2078 wollte,
363 2037 408 2069 ist
421 2037 480 2069 mit
494 2037 606 2069 elz'eait
620 2037 766 2069 vei-bun—

94 2083 167 2118 den,
187 2087 284 2114 statt:
311 2094 357 2114 em
377 2094 417 2114 ea
435 2094 512 2114 eum
534 2101 577 2106 —
602 2086 767 2116 averteret

94 2129 337 2169 confessionem
356 2128 480 2169 elicuit,
499 2129 567 2170 vgl.
583 2129 637 2170 38,
655 2129 709 2169 43,
730 2129 763 2159 7:

94 2175 172 2205 haec
189 2177 360 2215 querentes
383 2176 560 2206 criminose
584 2192 625 2197 —
652 2174 769 2206 consul

94 2219 140 2251 ad
151 2219 252 2262 plura
277 2219 362 2251 velut
391 2231 456 2251 seta
486 2222 599 2262 sponte
627 2219 768 2251 dicenda

95 2264 262 2303 eliciebat,
283 2263 337 2299 32,
356 2265 409 2304 20,
427 2266 458 2296 7.
484 2284 525 2287 -
552 2276 609 2296 nee
626 2265 768 2307 admoti„

96 2311 188 2342 nicht
205 2310 405 2350 sonderlich,
423 2311 549 2342 litotes.
568 2330 610 2334 ἡ
635 2311 766 2343 advers.

96 2374 138 2378 —
156 2358 199 2396 in,
217 2367 269 2387 uin
289 2356 556 2388 abzuweehseln.
575 2375 619 2379 --
644 2358 767 2399 inpari,

99 2403 126 2440 1,
145 2402 199 2439 46,
219 2402 253 2433 7:
272 2401 361 2432 nicht
379 2401 588 2442 ebenbiirtig.
609 2421 651 2424 —
676 2404 708 2433 et
725 2420 767 2425 —

95 2447 232 2488 deesset,
259 2458 284 2478 s.
304 2457 331 2478 c
350 2446 404 2488 35,
423 2449 454 2485 5,
474 2458 515 2478 zu
538 2449 588 2485 10,
608 2447 661 2489 23,
679 2450 765 2480 1).-

93 2472 661 2579 ⁰3¹⁵}H5⁹’S121¹''ieh1·323.62}¹24,
681 2538 698 2560 ·›
738 2538 757 2567 e

99 2583 153 2625 37,
184 2584 214 2614 2.
231 2538 411 2615 -1ιι231ἰΞ
431 2584 559 2625 loc-atis,
581 2562 768 2625 hiel-:wie

836 1489 944 1530 meist,
964 1490 997 1521 in
1016 1490 1206 1531 negativem
1224 1490 1335 1529 Satze,
1359 1501 1384 1522 S.
1405 1502 1432 1522 c.
1456 1491 1511 1531 37,

836 1535 1150 1575 438,12,1o;2o‚
1169 1536 1223 1574 21,
1242 1535 1262 1566 4
1279 1545 1365 1577 u.a.,
1383 1536 1451 1576 vgl.
1471 1547 1510 1568 zu

841 1582 868 1618 l,
887 1582 941 1619 51,
960 1581 991 1612 7.
1007 1599 1051 1603 —
1068 1583 1149 1622 suis,
1169 1580 1310 1612 M'anner
1327 1591 1386 1613 aus
1405 1582 1509 1613 ihreui

837 1626 977 1665 Stande3
1010 1627 1094 1657 doch
1126 1626 1171 1657 ist
1197 1626 1306 1657 dieses
1340 1627 1432 1658 mehr
1458 1627 1510 1659 die

837 1671 977 1704 Ansicht
1006 1672 1066 1704 der
1095 1670 1327 1712 Gesetzgeber
1357 1673 1421 1703 und
1452 1674 1511 1705 der

836 1718 1040 1749 vornehmen
1056 1716 1222 1758 Plebejer,
1242 1728 1267 1749 S.
1284 1728 1310 1748 c.
1327 1718 1380 1756 37,
1399 1718 1436 1749 2:
1456 1720 1510 1759 39,

842 1764 890 1803 11,
912 1764 952 1795 da
966 1763 1018 1794 die
1032 1763 1149 1802 iibrige
1163 1762 1262 1795 Plebs
1278 1774 1340 1795 nur
1355 1763 1510 1795 Erleich-

836 1814 959 1849 terung
976 1808 1070 1840 ihrer
1087 1807 1177 1840 Noth
1195 1809 1303 1849 sucht,
1330 1819 1355 1840 s.
1376 1810 1404 1848 4,
1425 1810 1454 1849 7,
1475 1809 1510 1848 83

832 1854 912 1896 jene
963 1854 1125 1885 zuniichst
1168 1854 1405 1887 Ehrenstellen
1447 1855 1511 1886 und

840 1900 1111 1941 Gleichstellung
1140 1899 1201 1933 mit
1230 1901 1292 1932 den
1322 1899 1509 1933 Patriciern

840 1957 880 1977 zu
893 1945 1070 1986 gewinnen
1089 1945 1209 1985 hoffen,
1229 1957 1255 1978 s.
1270 1957 1297 1977 c.
1318 1945 1370 1987 39,
1393 1945 1427 1985 13
1451 1947 1510 1981 10,

839 2002 867 2023 c.
886 1992 940 2031 40,
963 1991 1019 2029 103
1039 1991 1070 2031 4,
1089 1992 1142 2022 60.
1158 2009 1203 2014 -—
1216 1993 1357 2033 occing„
1375 1991 1405 2030 4,
1426 1992 1456 2032 2,
1476 1993 1510 2023 7:

838 2037 884 2068 ad
898 2036 1110 2068 eonsulatwn
1131 2037 1226 2079 vulg-i
1248 2038 1439 2069 turbatores
1456 2048 1511 2069 ac·-

839 2084 942 2124 ez'ngi.
960 2101 1002 2104 -
1021 2081 1067 2113 ad
1080 2093 1154 2114 eam.
1172 2093 1255 2125 cogn,
1274 2083 1331 2113 das
1351 2081 1513 2115 Consulat

840 2139 880 2159 zu
900 2128 1071 2168 erlangen,
1096 2129 1242 2160 welches
1261 2127 1297 2159 L.
1316 2128 1366 2159 als
1386 2128 1443 2160 das
1462 2129 1512 2160 ei-

840 2173 1009 2214 gentliche
1026 2173 1103 2205 Ziel
1127 2175 1188 2206 der
1205 2172 1435 2215 Gesetzgebcr
1460 2184 1514 2206 er—

841 2219 999 2251 scheinen
1011 2219 1107 2251 liisst.
1117 2218 1314 2251 —conamlo
1328 2230 1374 2260 ag·
1387 2244 1394 2260 ,
1409 2221 1510 2251 durch

841 2264 1006 2305 muthiges
1024 2264 1185 2297 HandeIn.
1216 2284 1253 2287 —
1266 2265 1418 2306 gradum
1433 2265 1512 2306 fec„

841 2311 945 2342 durch
964 2310 1017 2341 dle
1035 2309 1231 2352 Erlangung
1255 2311 1313 2342 des
1333 2310 1513 2342 Consular-

842 2355 1045 2395 tribunates‚
1073 2366 1100 2388 c.
1127 2356 1182 2397 42,
1207 2357 1237 2388 2.
1265 2374 1307 2378 ——
1333 2359 1399 2387 tam
1426 2357 1458 2387 Ιι.
1483 2367 1512 2397 q.

843 2403 930 2441 virt„
956 2401 1005 2432 sie
1024 2401 1166 2434 stfinden
1183 2401 1245 2433 den
1263 2400 1452 2433 Patriciern
1472 2411 1511 2432 an

842 2446 1059 2487 Tiichtigkeit
1075 2447 1185 2487 gleieh
1210 2447 1276 2478 und
1293 2448 1441 2479 miissten
1460 2457 1515 2477 su-

843 2493 924 2524 chen
944 2493 1028 2524 auch
1044 2493 1196 2533 gleicher
1214 2492 1303 2524 Ehre
1322 2491 1515 2531 theilhal'tig

842 2549 883 2569 zu
900 2538 1047 2577 werden,
1065 2539 1097 2575 4,
1127 2539 1180 2578 35,
1204 2540 1241 2572 92
1267 2539 1297 2580 6,
1317 2538 1369 2580 26,
1388 2537 1422 2568 6:
1447 2540 1512 2568 lam

834 2583 934 2625 soliar
952 2594 1049 2625 quam
1067 2585 1132 2625 [ηά.
