1763 2983
108 179 132 197 a.
157 169 288 197 011.295.
572 166 699 201 LIBER
721 166 766 201 Χ.
815 165 908 201 CAP.
934 166 986 200 25.
1017 165 1070 199 26.
1439 163 1518 204 431

107 276 245 312 senatu
265 276 305 310 et
334 271 435 323 apud
456 270 658 323 populum,
689 269 727 308 id
759 269 865 321 quod
895 281 964 321 per
994 269 1137 309 litteras
1169 268 1328 308 adsidue
1360 266 1519 311 fecerat,

106 334 296 368 terrorem
326 328 416 368 belli
436 327 590 367 Etrusci
619 330 799 377 augeret:
832 338 913 365 non
939 327 1199 366 suffecturum
1223 325 1362 364 ducem
1392 335 1520 362 unum

107 397 180 425 nec
196 385 408 425 exercitum
426 396 553 425 unum
569 384 754 423 adversus
773 388 957 435 quattuor
973 383 1159 435 populos,
1180 381 1398 434 periculum
1417 392 1518 427 esse,
1552 388 1592 421 14

107 442 186 481 sive
198 443 319 482 iuncti
328 454 452 482 unum
462 444 656 494 premant,
674 440 754 479 sive
773 440 916 479 diversi
934 446 1068 491 gerant
1083 439 1241 486 bellum,
1260 450 1309 477 ne
1327 438 1374 477 ad
1393 437 1526 476 onmia

109 499 225 539 simul
248 499 355 538 obire
376 511 481 538 unus
503 510 586 537 non
608 497 744 549 possit.
792 497 888 536 duas
909 509 950 535 se
973 496 1025 535 ihi
1045 496 1215 547 legiones
1237 496 1433 535 Romanas
1456 506 1520 533 re-
1555 504 1592 536 15

109 556 282 608 liquisse,
305 561 344 594 et
360 556 492 595 minus
515 554 691 606 quinque
707 553 812 592 milia
830 553 1009 605 peditum
1023 553 1279 604 equitumque
1297 564 1383 591 cum
1402 550 1522 590 Fabio

108 612 275 652 venisse.
306 612 379 651 sibi
397 612 550 664 placere
568 611 782 650 P.Decium
800 610 1003 649 consulem
1020 609 1148 661 primo
1168 622 1324 662 quoque
1342 614 1523 660 tempore

109 670 150 709 in
171 668 368 708 Etruriam
389 669 436 708 ad
458 669 642 720 collegam
664 667 869 719 proficisci,
899 667 939 705 L.
962 666 1170 706 Volumnio
1193 666 1400 705 Samnium
1430 677 1525 716 pro-

108 726 273 765 vinciam
291 726 393 774 da1·i;
415 727 448 766 si
464 726 601 765 consul
618 725 727 764 malit
743 725 782 763 in
799 736 911 763 suam
928 723 1167 775 provinciam
1184 722 1252 769 ire,
1270 722 1521 761 Volumnium
1554 731 1594 764 16

109 784 149 823 in
165 783 360 823 Etruriam
382 784 429 824 ad
450 783 652 823 consulem
674 794 765 821 cum
788 782 960 821 exercitu
981 781 1082 820 iusto
1100 779 1295 820 consulari
1316 778 1517 830 proficisci.

109 853 198 880 cum
221 852 400 891 magnam
422 846 572 893 partem
594 845 769 878 moveret
800 838 922 878 oratio
944 837 1148 889 praetoris,
1179 837 1222 876 P.
1245 836 1403 875 Decium
1427 847 1522 875 cen-
1556 847 1594 880 17

111 897 237 937 suisse
257 901 398 944 ferunt,
431 903 475 937 ut
496 896 628 936 omnia
648 896 798 947 integra
828 909 872 934 ac
901 895 1025 934 libera
1046 895 1090 941 Q.
1114 893 1234 934 Fabio
1257 897 1521 937 servarentur,

111 955 234 994 donec
255 955 315 995 vel
336 955 430 1006 ipse,
463 954 496 993 si
517 966 588 1006 per
609 953 861 993 commodum
892 952 949 991 rei
978 952 1157 1004 publicae
1178 955 1325 1002 posset,
1356 950 1522 989 Romam

111 1011 294 1059 venisset,
315 1012 374 1050 vel
395 1011 565 1063 aliquem
587 1024 634 1049 ex
654 1010 789 1062 legatis
811 1009 992 1057 misisset,
1015 1022 1035 1048 a
1057 1021 1133 1060 quo
1157 1008 1326 1048 disceret
1347 1011 1521 1052 senatus,
1557 1012 1596 1044 18

112 1068 355 1120 quantumin
369 1069 524 1108 Etruria
541 1068 629 1107 belli
646 1073 763 1114 esset,
783 1067 1016 1118 quantisque
1034 1064 1390 1105 administrandum
1404 1063 1526 1114 copiis

112 1131 150 1165 et
171 1131 267 1177 quot
288 1138 364 1177 peu
378 1125 494 1165 duces
518 1130 633 1164 esset.
680 1123 820 1163 Fabius
843 1129 887 1163 ut
907 1124 1073 1163 Romam
1104 1123 1232 1169 rediit,
1264 1127 1302 1160 et
1323 1121 1364 1160 in
1384 1125 1525 1160 senatu
1543 1122 1597 1161 2ss

113 1188 150 1221 et
172 1183 386 1234 productus
409 1183 455 1222 ad
476 1183 665 1234 populum
687 1181 855 1220 mediam
886 1180 1104 1220 orationem
1126 1179 1273 1226 habuit,
1297 1183 1339 1218 ut
1360 1191 1435 1217 nec
1455 1189 1527 1216 au-

115 1251 205 1290 gere
226 1251 299 1279 nec
319 1239 500 1280 minuere
520 1239 718 1278 videretur
738 1238 827 1277 belli
850 1238 1006 1284 famam,
1030 1236 1230 1289 magisque
1250 1235 1291 1275 in
1314 1235 1435 1274 altero
1457 1235 1527 1273 ad·-

114 1297 307 1336 sumendo
329 1296 425 1336 duce
443 1296 605 1336 aliorum
627 1295 827 1346 indulgere
848 1295 980 1334 timori
998 1307 1115 1346 quam
1137 1306 1209 1333 suo
1232 1297 1296 1332 aut
1318 1292 1374 1331 rei
1396 1291 1525 1343 publi-

116 1366 179 1392 cae
190 1354 362 1405 periculo
381 1353 596 1393 consulere.
628 1358 803 1392 ceterum
822 1351 853 1390 si
871 1351 1171 1391 sibiadiutorem
1189 1350 1279 1389 belli
1296 1349 1526 1400 sociumque
1554 1356 1573 1388 2

113 1410 266 1461 imperii
286 1410 436 1457 darent,
460 1422 631 1462 quonam
654 1409 772 1449 modo
803 1422 845 1448 se
877 1408 1051 1448 oblivisci
1074 1409 1115 1447 P.
1136 1407 1241 1447 Decii
1264 1406 1435 1446 consulis
1458 1417 1528 1457 per

113 1471 172 1506 tot
194 1467 352 1518 collegia
382 1467 531 1519 experti
554 1464 701 1519 posse?
747 1466 947 1505 neminem
980 1465 1158 1505 omnium
1180 1477 1315 1504 secum
1337 1462 1523 1513 coniungi
1557 1472 1576 1503 3

115 1524 246 1572 malle,
268 1529 307 1563 et
324 1524 526 1576 copiarum
543 1523 638 1563 satis
656 1523 730 1564 sihi
746 1536 835 1563 cum
858 1523 1041 1571 P.Decio,
1065 1528 1102 1562 et
1119 1533 1335 1574 numquam
1354 1519 1523 1560 nimium

116 1637 187 1670 sein
205 1635 339 1679 Gegner
356 1637 413 1678 ist,
433 1649 459 1670 c.
479 1638 534 1678 26,
552 1639 589 1679 63
608 1638 639 1677 9,
658 1638 711 1678 46,
732 1637 783 1669 14.

117 1683 216 1715 Diese
248 1683 361 1724 dritte,
394 1683 571 1715 unsichere
601 1682 785 1715 Nachricbt

118 1729 203 1760 wird
213 1728 423 1760 ausfiihi-lich
432 1728 783 1770 berichtet.—sufeet.

118 1773 246 1814 *adv.,
261 1774 410 1815 liaufiger
418 1774 520 1806 findet
528 1774 601 1806 sich
612 1774 670 1805 das
679 1780 784 1805 etwas

118 1819 356 1852 verschiedene
387 1820 551 1861 sufficere
577 1818 631 1860 ad,
659 1830 685 1852 s.
705 1819 737 1859 3,
754 1820 786 1860 5,

123 1867 151 1905 1,
162 1864 229 1905 vgl.
239 1865 293 1904 21,
303 1865 334 1906 8,
345 1865 376 1897 4.
386 1883 427 1888 —
441 1876 545 1897 mmm
556 1875 607 1908 pr.
625 1876 654 1896 n.
668 1864 783 1896 ducem

117 1912 149 1942 et
167 1912 367 1942 exercitum.
386 1929 428 1934 —
445 1909 491 1942 ad
506 1912 669 1943 omnia—
680 1910 784 1942 obire:

120 1956 203 1987 nach
220 1955 310 1987 allen
327 1956 442 1988 Seiten
459 1956 568 1998 thiitig
584 1956 673 1996 sein3
693 1966 720 1987 s.
731 1956 787 1996 31,

118 2002 173 2041 21,
190 2000 227 2032 9:
261 2001 352 2033 obire
380 2001 427 2034 ad
453 2012 623 2034 omnes—
638 2003 786 2041 conatus,

118 2050 212 2078 sonst
229 2046 273 2078 ist
289 2047 348 2079 der
370 2047 590 2080 intransitive
610 2046 786 2079 Gebrauch

119 2092 211 2124 mehr
228 2091 389 2124 Dichtern
416 2093 482 2125 und
506 2093 649 2136 Spiitern
678 2092 787 2133 eigen.

119 2156 162 2161 —
194 2147 271 2168 eum
299 2137 399 2178 Fae,
428 2139 460 2179 9,
481 2139 531 2179 13,
550 2139 588 2179 ὃς
618 2138 686 2179 vgl.
704 2139 725 2181 ξ
747 2139 786 2171 16

122 2182 158 2216 V
156 2182 478 2215 alumniam—cum
491 2185 652 2216 emm-citu.
671 2202 714 2207 —-
731 2194 787 2216 su-

119 2238 177 2260 am
202 2238 308 2272 prov„
338 2229 421 2261 nach
449 2228 630 2270 Samnium,
663 2239 703 2261 an
734 2229 787 2261 die

120 2273 227 2306 Stelle
245 2274 303 2306 des
317 2274 526 2316 Volumnius,
544 2275 657 2316 Lange
668 2275 699 2316 2,
711 2274 787 2307 546.

120 2319 243 2351 Decius
261 2319 308 2351 ist
325 2319 397 2352 also
425 2320 509 2352 noch
526 2320 560 2352 in
579 2319 672 2361 Rom,
701 2320 788 2352 viel·

121 2363 224 2397 leicht
241 2365 319 2397 weil
335 2365 446 2406 gleich
463 2364 603 2406 anfangs
621 2364 789 2397 bestimmt

121 2419 204 2451 war,
228 2411 304 2442 dass
323 2420 361 2442 er
377 2411 432 2443 die
448 2410 645 2451 Riistungen
661 2410 788 2443 betrci-

122 2455 195 2495 ben,
223 2455 309 2488 daun
331 2461 403 2489 erst
431 2457 504 2488 dem
521 2455 647 2488 Fabius
676 2455 788 2497 folgen

122 2500 231 2532 sollte.
252 2519 294 2524 -—
317 2512 427 2534 eccere.
446 2503 545 2541 iusto,
572 2501 636 2533 wie
662 2512 698 2533 es
715 2501 787 2533 sein

123 2544 200 2586 soll,
228 2546 436 2588 vollstiindig
458 2547 493 2579 in
520 2546 703 2579 Riicksicht
733 2545 793 2578 auf

124 2589 355 2633 Truppeuzahl
388 2592 451 2624 und
486 2591 721 2633 Ausi-iistung,
750 2591 787 2633 je

858 1637 943 1669 zwei
968 1636 1137 1678 Legionen
1161 1636 1226 1668 und
1250 1635 1303 1668 dio
1322 1635 1527 1676 wenigsteus

858 1683 987 1724 gleiche
1005 1683 1089 1714 zahl
1112 1684 1194 1714 socii
1214 1682 1311 1714 nebst
1337 1683 1397 1713 der
1414 1679 1529 1713 Reite-

859 1728 920 1771 rei,
938 1739 964 1760 s.
983 1730 1015 1768 9,
1034 1729 1088 1770 43,
1107 1729 1125 1760 5
1145 1739 1176 1760 ιι.
1194 1738 1223 1759 o.
1253 1745 1298 1750 —
1327 1728 1468 1768 integra,
1499 1737 1527 1759 c.

859 1775 892 1815 8,
913 1775 941 1805 1.
969 1792 1012 1797 —
1040 1775 1145 1817 siper
1161 1778 1237 1815 etc.,
1263 1773 1331 1813 vgl.
1351 1773 1405 1812 23,
1423 1772 1477 1812 24,
1500 1774 1527 1805 1.

860 1839 903 1843 --
919 1817 951 1862 :a
969 1829 1031 1861 qao
1049 1819 1128 1851 disc.
1147 1824 1224 1859 etc.,
1248 1817 1530 1850 wuhrscheiulich

861 1866 951 1897 hatte
969 1866 1029 1897 der
1045 1866 1148 1897 Senat
1170 1865 1232 1896 deu
1250 1862 1455 1906 lii-iegsplun
1473 1873 1530 1904 ge-

860 1910 1015 1952 nehmigt,
1033 1921 1059 1942 s.
1079 1911 1109 1950 9,
1128 1910 1182 1951 36,
1198 1910 1255 1947 14;
1275 1921 1315 1941 zu
1330 1910 1384 1950 22,
1396 1910 1450 1949 41,
1468 1909 1487 1940 2
1499 1919 1529 1940 u.

861 1967 902 1998 ἂμ,
918 1955 1031 1996 Lange
1046 1956 1077 1997 2,
1093 1956 1169 1996 375,
1187 1955 1252 1987 und
1263 1955 1386 1987 kanntc
1401 1954 1531 1986 bercits

861 2001 914 2033 die
928 2001 1044 2041 Sache,
1063 2012 1099 2033 so
1118 2001 1194 2033 dass
1212 2001 1287 2033 eine
1305 2001 1366 2032 der
1382 2000 1530 2032 anderen

860 2046 1097 2088 Erz‘tihlungeu
1128 2058 1155 2079 c.
1183 2047 1238 2087 26,
1256 2047 1275 2078 5
1305 2045 1530 2079 vorzuziehen

860 2102 1016 2133 gewesen
1046 2092 1151 2124 wiire.
1180 2110 1224 2116 —
1252 2094 1332 2134 quot
1355 2102 1429 2135 per,
1459 2091 1530 2132 vgl.

861 2138 965 2181 praef.
983 2149 1011 2170 s.
1026 2140 1073 2170 iot
1087 2148 1150 2182 per
1165 2148 1272 2170 annos
1289 2149 1319 2169 u.
1338 2148 1369 2169 a.

907 2223 976 2261 26·
1012 2229 1106 2263 1—4.
1130 2228 1299 2273 produci„
1319 2228 1349 2268 3,
1366 2228 1420 2270 64,
1439 2228 1469 2260 7.
1487 2245 1530 2251 —-

861 2274 1011 2317 reipubl.
1025 2285 1110 2318 per„
1134 2280 1176 2307 st.
1195 2274 1405 2318 reipublicae
1423 2275 1456 2305 ιἰι
1471 2284 1531 2316 pe-

860 2320 966 2352 riculo
979 2338 1022 2343 —
1036 2319 1182 2352 adiutor.
1200 2320 1240 2361 b.,
1265 2331 1292 2352 s.
1312 2320 1343 2361 6,
1361 2319 1415 2359 22,
1434 2319 1465 2360 6,
1474 2328 1531 2358 ge-

862 2365 1000 2398 mildert
1017 2366 1120 2398 durch
1136 2367 1263 2397 socium
1285 2366 1431 2406 imperii,
1460 2373 1530 2395 was

863 2421 925 2443 nur
942 2422 1007 2443 von
1025 2411 1098 2443 dem
1116 2409 1240 2452 Kriege
1258 2410 1292 2442 in
1309 2409 1470 2442 Etruricn
1489 2419 1530 2440 zu

863 2457 1043 2489 verstehen
1062 2456 1116 2496 ist,
1133 2466 1174 2487 an
1188 2455 1258 2488 sich
1272 2465 1343 2487 war
1360 2465 1395 2486 es
1409 2454 1530 2486 Decius

861 2502 963 2533 sehon
982 2502 1034 2534 als
1052 2501 1187 2533 Consul.
1217 2519 1259 2524 ——
1289 2510 1436 2542 quonam
1453 2505 1531 2539 etc.,

860 2547 928 2587 vgl.
960 2547 1052 2579 Hom.
1071 2546 1109 2579 11.
1139 2547 1190 2586 10,
1221 2545 1303 2577 242:
1337 2546 1368 2578 εἰ
1395 2544 1462 2588 μὲν
1488 2542 1530 2587 δὴ

860 2589 1024 2637 {sacoma
1035 2589 1190 2624 κελεύετέ
1200 2587 1236 2635 μ’
1255 2585 1531 2631 ιεῦτὸνὲλέσθαι,
