1763 2983
190 191 268 230 174
676 184 801 218 LIBER
826 183 892 219 Vll.
934 183 1026 216 CAP.
1053 184 1108 216 40.
1449 189 1472 206 ι.
1493 189 1520 206 u.
1540 177 1600 205 412.

141 299 159 330 2
189 290 362 330 nondum
388 293 496 326 erant
517 292 596 326 tam
618 290 737 326 sortes
758 287 804 326 ad
826 286 1049 337 sanguinem
1074 284 1236 330 civilem,
1266 294 1337 321 nec
1360 288 1511 332 praeter
1532 293 1599 320 ex-

141 464 159 491 :3

186 353 296 386 terna
318 349 504 384 noverant
521 344 631 389 bella,
650 344 860 395 ultimaque
877 343 1002 382 rabies
1020 340 1187 380 secessio
1205 339 1251 378 ab
1268 340 1347 378 suis
1364 338 1598 378 habebatur:

187 404 315 453 itaque
338 403 413 440 iani
436 402 565 447 duces,
598 401 673 439 iam
696 400 837 439 milites
866 400 1064 450 utrimque
1098 409 1326 448 congressus
1349 407 1532 447 quaerere
1554 393 1600 432 ad

190 460 415 510 conloquia,
453 458 670 505 QuinctiuS,
693 470 809 509 quem
832 469 1033 495 armorum
1064 455 1180 493 etiam
1203 466 1272 505 pro
1294 452 1414 505 patria
1443 451 1601 490 satietas

186 522 352 561 teneret,
376 515 522 554 nedum
540 515 722 554 adversus
738 514 914 566 patriam,
934 512 1134 557 Corvinus,
1153 523 1292 549 omnes
1310 509 1466 549 caritate
1489 508 1602 553 cives,

189 574 393 625 praecipue
416 572 556 611 milites
578 576 616 610 et
637 577 724 610 ante
746 572 840 610 alios
863 582 978 609 suum
1001 568 1212 608 exercitum
1242 566 1464 618 conplexus.
1504 567 1535 603 is
1556 563 1603 603 ad

189 630 441 682 conloquium
462 628 664 681 processit.
708 628 861 680 cognito
892 628 925 666 ei
946 626 1141 677 extemplo
1165 625 1265 663 haud
1289 623 1439 663 minore
1469 622 1513 661 ab
1535 621 1605 659 ad-

190 687 365 727 versariis
385 686 610 725 verecundia
628 698 742 736 quam
761 685 807 723 ab
825 684 906 723 suis
924 683 1122 722 silentium
1141 682 1287 720 datum.
1315 681 1463 728 „deos“
1481 677 1606 729 inquit

191 744 460 789 ..inmortales,
492 743 643 786 milites,
675 747 825 781 vestros
849 740 1023 792 publicos
1045 751 1231 789 meosque
1259 739 1305 778 ab
1329 736 1423 777 urbe
1450 734 1604 787 prolici-

191 814 303 841 scens
336 801 387 839 ita
409 800 566 839 atloravi
588 799 816 850 veniamque
846 797 1008 849 supplex
1030 795 1203 848 poposci,
1233 800 1276 835 ut
1304 794 1399 834 mihi
1432 793 1477 831 de
1498 790 1607 830 vobis

193 858 420 898 concordiae
442 862 574 908 partae
596 856 775 907 gloriam,
798 866 877 894 non
899 853 1098 892 victoriam
1121 853 1266 891 darent.
1309 852 1399 891 satis
1421 851 1495 891 fuit
1516 851 1609 890 erit-

192 928 277 966 que,
302 915 403 953 unde
426 913 515 952 belli
538 913 654 952 decus
675 913 863 964 pariatur:
887 911 979 949 hinc
1000 923 1070 961 pax
1092 911 1260 961 petenda
1282 914 1353 949 est.
1391 909 1494 961 quod
1517 910 1610 948 deos

194 972 420 1011 inmortales
449 972 549 1010 inter
569 970 828 1022 nuncupanda
850 973 936 1007 vota
958 969 1177 1020 expoposci,
1209 969 1289 1009 eius
1319 983 1381 1010 me
1403 976 1612 1022 conpotem

198 1029 274 1068 voti
296 1042 363 1067 vos
384 1029 510 1067 facere
532 1027 706 1079 potestis,
729 1027 760 1065 si
782 1025 1007 1065 meminisse
1027 1025 1155 1070 vultis,
1187 1037 1265 1065 non
1286 1040 1353 1066 vos
1375 1027 1416 1066 in
1438 1027 1630 1072 Samnio(

193 1098 264 1124 nec
286 1086 325 1124 in
347 1086 506 1131 Volscis,
536 1085 603 1123 sed
625 1085 664 1122 in
685 1084 863 1122 Romano
886 1082 967 1120 5010
991 1088 1116 1121 castra
1138 1082 1293 1130 habere,
1325 1084 1357 1122 si
1378 1084 1463 1123 illos
1485 1085 1613 1130 001105,

194 1155 291 1193 quos
315 1142 482 1187 cernitis,
507 1141 652 1192 patriae
672 1146 821 1178 vestrae
844 1150 947 1183 0550,
975 1138 1006 1176 51
1027 1139 1132 1177 hunc
1153 1140 1364 1179 exercitum
1386 1141 1527 1180 civium
1547 1154 1615 1180 ve-

194 1204 382 1243 strorum,
406 1199 436 1236 si
455 1211 517 1236 me
535 1198 732 1236 consulem
750 1202 937 1239 vestrum,
961 1195 1069 1233 cuius
1088 1195 1206 1234 ductu
1222 1196 1470 1248 auspicioque
1486 1198 1616 1249 priore

199 1268 300 1295 anno
323 1255 380 1293 bis
403 1255 572 1305 legiones
596 1253 830 1292 Samnitium
853 1251 1026 1297 fudistis,
1054 1250 1112 1290 his
1135 1257 1259 1292 castra
1281 1254 1315 1292 vi
1337 1254 1506 1305 cepistis.
1549 1267 1616 1306 ego

199 1312 522 1350 51111151.1’0101“105
533 1313 692 1354 Corvus,
703 1311 858 1355 milites,
871 1308 980 1347 00105
992 1320 1056 1347 vos
1069 1308 1309 1348 nobilitatem
1322 1310 1519 1350 beneficiis
1529 1323 1619 1362 erga

200 1382 266 1408 vos
298 1380 380 1407 non
410 1368 559 1407 iniuriis
589 1367 775 1412 sensistis,
809 1367 949 1405 nullius
972 1365 1161 1416 superbae
1192 1366 1231 1404 in
1252 1380 1320 1405 vos
1342 1367 1447 1418 legis,
1475 1368 1619 1407 nullius

203 1425 370 1464 crudelis
392 1431 548 1463 senatus
571 1424 739 1463 consulti
760 1429 906 1467 auctor,
930 1422 965 1460 in
985 1421 1166 1460 omnibus
1184 1423 1282 1462 meis
1304 1423 1478 1475 imperiis
1500 1424 1539 1462 10
1559 1437 1620 1463 me

203 1482 375 1522 severior
397 1494 512 1533 quam
536 1482 575 1519 in
596 1494 675 1520 vos.
719 1494 761 1520 ac
790 1481 821 1519 si
854 1480 914 1519 cui
935 1490 1069 1529 genus,
1102 1478 1135 1517 si
1163 1479 1223 1518 001
1251 1492 1320 1519 sua
1341 1480 1474 1525 virtus,
1504 1480 1534 1519 si
1561 1481 1622 1520 cui

201 1540 317 1578 etiam
347 1539 548 1583 maiestas,
578 1538 609 1577 si
640 1538 701 1577 cui
734 1539 901 1577 honores
928 1535 1095 1574 subdere
1131 1536 1292 1587 spiritus
1322 1542 1554 1588 potuerunt,
1591 1539 1621 1576 is

202 1609 306 1635 eram
328 1601 454 1642 natus,
478 1596 514 1634 id
537 1595 734 1647 specimen
756 1594 834 1633 0101
855 1595 1051 1638 dederam,
1075 1605 1118 1631 ea
1139 1598 1261 1632 aetate
1285 1595 1528 1634 consulatum
1552 1595 1620 1633 ad-

256 1692 325 1729 411.
366 1697 461 1729 1—3.
496 1697 596 1729 nond.
615 1699 649 1734 1.,
668 1708 698 1727 0.
718 1696 767 1728 als
780 1696 879 1737 jetzt.

206 1762 248 1766 —
269 1743 385 1785 fortes
402 1743 455 1783 ml,
477 1743 544 1783 vgl.
565 1743 595 1778 9,
619 1743 669 1781 16,
693 1742 750 1780 14,
776 1744 805 1781 c,
831 1742 881 1781 15,

206 1790 244 1820 4:
272 1790 467 1831 inea-peries
484 1789 544 1827 ad3
564 1789 617 1825 21,
644 1788 696 1823 25,
721 1789 757 1819 0:
786 1787 882 1819 rudis

206 1833 266 1872 acl3
288 1834 452 1875 2Τ,11,5;
473 1834 615 1873 :31,45,1
638 1844 731 1870 u.0.;
750 1843 790 1863 zu
807 1834 882 1874 for-

207 1882 256 1911 tes
274 1890 300 1911 s.
320 1880 399 1911 Hor.
419 1879 525 1911 Carni.
549 1880 577 1919 1,
598 1880 650 1912 37.
670 1879 722 1910 26.
748 1898 789 1900 —
814 1888 882 1915 nec,

209 1937 238 1956 0.
259 1924 350 1956 bella.
372 1944 413 1947 —a
432 1923 702 1956 etiam—nedum
728 1925 882 1955 schon—

209 1971 420 2012 geschweige
445 1971 546 2007 denn,
582 1971 611 2001 d.
630 1970 660 2000 h.
686 1971 770 2001 noch
800 1969 884 2000 viel-

209 2017 314 2057 mehr,
334 2016 387 2050 24,
406 2017 460 2057 40,
490 2016 546 2053 13;
574 2014 652 2046 Tac.
671 2014 757 2045 Dial.
776 2015 828 2053 25,
848 2014 884 2045 3:

210 2064 309 2094 eiiam
331 2061 450 2093 iisdem
467 2061 620 2101 saeculis,
639 2059 759 2091 nedum
780 2059 885 2092 (licer-

210 2109 321 2139 sis.—
343 2107 468 2147 Quinct.
489 2106 723 2147 etc.,obgleich
739 2106 782 2137 im
798 2106 886 2138 Vor-

215 2153 349 2193 hergeh.
375 2153 458 2183 auch
482 2151 604 2183 milltes
630 2151 782 2183 erw'a'hnt
799 2151 884 2190 sind,

218 2209 254 2230 so
270 2198 405 2230 werden
420 2198 501 2229 doch
516 2197 676 2228 zuniichst
694 2196 747 2228 die
759 2196 885 2228 Motive

216 2244 275 2275 der
303 2242 474 2275 Anfiihrer
496 2242 703 2283 angegcben,
735 2242 799 2272 und
829 2242 887 2272 das

215 2288 311 2329 Folg.
343 2291 372 2319 is
388 2288 434 2319 ad
449 2293 512 2320 etc.
532 2298 571 2319 an
597 2289 658 2319 den
683 2287 810 2319 zuletzt
835 2297 888 2318 er-

213 2334 382 2373 wiihnten,
402 2334 572 2374 Valerius,
597 2331 811 2374 angekniipft,
835 2342 887 2363 um

215 2379 328 2411 diesen
358 2379 407 2411 als
438 2379 500 2410 den
534 2378 762 2419 eigentlichen
793 2377 888 2409 Frie-

216 2424 415 2456 densstifter
442 2435 482 2455 zu
506 2424 725 2464 bezeichnen,
750 2423 809 2454 der
834 2433 887 2454 so-

216 2470 326 2511 gleich
358 2470 415 2502 das
445 2468 610 2509 ausfiihrt,
640 2479 733 2500 wozu
757 2479 794 2500 er
819 2468 889 2499 sich

219 2515 437 2555 angetrieben
461 2514 560 2553 siihlt,
583 2514 741 2546 wiihrend
769 2512 890 2554 Quinc-

224 2561 292 2592 tius
311 2565 382 2592 erst
401 2571 428 2592 e.
447 2561 500 2597 41,
524 2561 535 2591 1
557 2561 588 2591 10
614 2560 668 2591 die
686 2559 784 2591 Mitte
803 2559 890 2599 tritt,

225 2605 276 2637 bis
295 2605 391 2638 dahin
410 2610 509 2638 unter
532 2605 594 2637 den
613 2604 733 2637 Seinen
757 2608 891 2645 gestau-

954 1694 1013 1726 den
1031 1694 1099 1735 hat,
1119 1705 1144 1726 s.
1159 1693 1180 1736 ξ
1202 1695 1253 1727 15.
1273 1714 1315 1718 —
1335 1695 1440 1735 Corin,
1461 1707 1487 1728 c.
1507 1695 1624 1732 3215.

955 1759 996 1763 ,-
1007 1741 1036 1770 is
1050 1739 1096 1771 ist
1110 1741 1390 1772 wahrscheinlich
1409 1740 1624 1782 ausgefallen.

1000 1785 1099 1817 445.
1142 1789 1267 1819 vestros
1286 1797 1317 1829 p.
1337 1797 1393 1821 m..
1418 1786 1470 1818 die
1495 1787 1625 1819 Staats-

955 1834 1076 1873 gotter.
1107 1831 1160 1863 die
1190 1833 1272 1864 euch
1302 1832 1364 1863 und
1391 1832 1455 1864 mir
1479 1832 1626 1873 gemein-

956 1875 1131 1909 schaftlich
1145 1877 1230 1918 sind,
1248 1877 1397 1918 weniger
1410 1878 1566 1920 passend:
1586 1889 1627 1909 zu

957 1931 1082 1955 0001·οΠ
1106 1921 1261 1963 Go'ttern,
1285 1923 1388 1955 denen
1417 1924 1474 1954 des
1493 1923 1627 1955 staates

957 1969 1022 2000 und
1051 1969 1112 1999 den
1142 1969 1322 2009 meinigen,
1352 1969 1418 2009 vgl.
1437 1969 1490 2009 21,
1515 1969 1569 2007 63,
1587 1969 1624 2000 9:

953 2015 1130 2057 profectus
1147 2015 1181 2045 in
1201 2013 1394 2057 Capitolimn
1415 2018 1496 2048 etc.:
1524 2014 1577 2053 22,
1599 2015 1627 2052 1,

958 2063 988 2091 (5.
1013 2079 1054 2082 -—
1080 2061 1218 2099 veniam,
1242 2070 1268 2091 s.
1292 2059 1318 2098 1,
1335 2058 1387 2101 31,
1413 2059 1449 2097 ῖς
1473 2059 1532 2091 der
1549 2059 1628 2101 dop-

958 2104 1046 2147 pelte
1063 2103 1183 2136 Aecus.
1202 2104 1255 2136 bei
1274 2114 1417 2147 ea‘posco
1438 2104 1539 2136 findet
1556 2105 1629 2136 sich

960 2155 1054 2182 sonst
1072 2149 1164 2182 nieht
1180 2150 1295 2190 leicht,
1320 2150 1386 2191 vgl.
1406 2149 1437 2189 2,
1463 2149 1517 2186 35,
1536 2152 1570 2190 53
1598 2151 1628 2190 7,

962 2195 1016 2231 32,
1035 2197 1065 2227 4.
1084 2213 1125 2217 ——
1140 2195 1298 2237 gloriam,
1309 2197 1546 2237 -victom'am,
1561 2195 1629 2235 vgl.

961 2242 993 2281 t),
1013 2240 1042 2282 2,
1065 2241 1123 2281 153
1142 2242 1172 2282 2,
1191 2241 1244 2280 29,
1264 2241 1295 2272 9.
1314 2259 1355 2262 —
1373 2240 1499 2272 hincm.
1519 2251 1536 2272 e
1552 2241 1630 2272 civi-

962 2287 1031 2318 lms.
1043 2305 1085 2309 —
1105 2287 1202 2328 inter,
1220 2285 1251 2326 6,
1274 2286 1324 2325 11,
1342 2286 1372 2317 5.
1384 2305 1426 2308 -
1443 2286 1476 2317 ‘in
1497 2285 1631 2318 Volscis

961 2332 1127 2371 etc.(.),3S‚
1140 2332 1219 2363 7.-
1237 2331 1341 2371 colles,
1353 2330 1445 2372 2‚40‚
1458 2332 1539 2362 7.-
1554 2340 1629 2362 eon-

961 2376 1065 2408 sulcm
1091 2377 1194 2408 durch
1208 2378 1322 2420 priore
1342 2386 1429 2408 αηηο
1449 2376 1629 2413 bestimlnt,

962 2422 1042 2454 eben
1063 2423 1205 2453 darnach
1223 2422 1269 2454 ist
1285 2422 1365 2454 auch
1389 2420 1410 2464 ξ
1428 2421 1482 2453 16:
1508 2420 1629 2462 consul,

962 2467 982 2509 ξ
1002 2468 1055 2499 l's':
1072 2469 1144 2499 suis
1158 2467 1322 2500 militibus
1338 2477 1378 2498 zu
1395 2467 1584 2499 verstehen.

1010 2514 1039 2545 S.
1065 2515 1098 2544 si
1108 2514 1222 2555 ciliga,
1240 2523 1268 2544 0.
1283 2512 1337 2553 32,
1359 2512 1408 2552 13,
1426 2512 1488 2544 den
1503 2512 1521 2543 3
1536 2511 1631 2544 Glie-

965 2558 1046 2590 dern
1070 2559 1130 2590 mit
1156 2560 1188 2589 si
1208 2557 1425 2600 entsprechen
1451 2557 1510 2588 der
1528 2557 1632 2589 Reihe

965 2604 1047 2636 nach
1065 2604 1118 2636 die
1137 2601 1313 2644 folgenden
1330 2604 1524 2635 z's-——m-am.
1542 2620 1585 2625 —
1601 2603 1632 2634 is
