1763 2983
278 165 351 206 108

768 163 892 197 LIBER
919 164 987 198 VH.
1015 163 1107 196 CAP.
1133 164 1164 196 6.

1524 171 1539 187 a
1569 170 1595 189 u.
1618 163 1676 188 392.

271 269 470 308 consultus
491 274 651 307 senatus
673 279 762 307 cum
779 267 927 307 fetiales
949 268 995 308 ad
1016 279 1077 305 res
1098 267 1328 318 repetendas
1347 264 1583 317 nequiquam
1606 264 1682 303 mi-

271 325 395 368 sisset,
408 324 533 375 primo
553 337 707 376 quoque
725 324 785 363 die
802 324 1005 364 ferendum
1023 324 1071 362 ad
1083 323 1270 375 populum
1290 323 1336 361 (16
1354 322 1453 361 bello
1471 320 1680 360 indicendo

223 389 242 420 8
271 380 448 420 Hernicis
470 381 632 429 censuit,
664 382 911 433 populusque
941 382 978 420 id
1000 381 1144 420 bellum
1174 380 1360 431 frequens
1382 377 1504 417 iussit.
1546 377 1586 416 L.
1606 377 1681 416 Ge-

270 437 385 477 nucio
409 439 559 477 consuli
588 451 632 477 ea
661 438 856 490 provincia
886 444 992 477 sorte
1015 437 1152 478 evenit.
1199 436 1237 474 in
1260 435 1527 487 expectatione
1549 433 1681 473 civitas

269 500 363 541 erat,
394 495 497 545 quod
523 495 669 546 primus
690 495 750 534 ille
773 495 818 534 de
841 495 950 545 plebe
973 493 1109 533 consul
1130 493 1274 531 bellum
1305 492 1385 531 suis
1407 490 1586 542 auspiciis
1615 503 1682 541 ge-

271 557 403 590 sturus
425 557 538 600 esset,
562 551 721 603 perinde
743 558 785 590 ut
806 551 997 590 evenisset
1018 563 1092 595 reS,
1114 550 1164 588 ita
1182 549 1491 588 communicatos
1513 547 1682 586 honores

223 616 242 646 9
273 619 343 659 pro
372 607 471 646 bene
493 613 560 648 aut
580 621 692 648 secus
722 609 898 647 consulto
928 607 1115 647 habitura.
1161 606 1261 645 forte
1291 606 1341 644 ita
1370 604 1457 644 tulit
1485 616 1609 650 casuS‚
1640 609 1683 643 ut

272 664 467 703 Genucius
496 665 542 704 ad
572 666 705 704 hostes
734 677 876 715 magno
899 669 1040 704 conatu
1062 663 1258 714 profectus
1286 662 1327 701 in
1349 661 1510 701 insidias
1534 660 1683 711 praeci-

274 721 424 772 pitaret,
446 728 480 760 ec
500 721 718 772 legionibus
740 721 975 772 necopinato
999 732 1138 771 pavore
1159 719 1257 758 fusis
1279 718 1414 758 consul
1437 718 1682 758 circumven-

210 788 246 818 10
275 784 334 816 tus
351 777 397 816 ab
416 777 558 824 insciis,
577 791 693 829 quem
710 778 1020 828 intercepissent,
1035 776 1287 816 occideretur.
1320 775 1423 827 quod
1442 774 1510 814 ubi
1528 779 1586 813 est
1603 774 1684 813 Ro-

271 846 375 872 mam
397 835 641 881 nuntiatum,
671 847 919 886 nequaquam
940 839 1091 873 tantum
1122 833 1272 884 publica
1301 832 1516 870 calamitate
1545 830 1684 870 maesti

270 895 410 941 patres,
444 897 633 940 quantum
656 892 808 930 feroces
831 890 972 929 infelici
994 889 1165 929 consulis
1188 889 1314 940 plebei
1337 889 1476 933 ductu,
1506 887 1683 926 fremunt

272 947 455 986 omnibus
472 948 584 986 locis:
608 948 721 993 irent,
742 953 919 987 crearent
936 947 1114 986 eonsules
1132 958 1177 984 ex
1196 946 1317 996 plebe,
1335 944 1596 983 transferrent
1612 956 1684 983 au·-

205 1010 240 1042 11
272 1003 390 1054 spicia
412 1016 489 1054 quo
512 1005 619 1043 nefas
641 1011 756 1043 esset.
804 1004 975 1055 potuisse
1004 1009 1134 1054 patres
1164 1002 1263 1053 plebi
1284 1002 1380 1040 scito
1412 1001 1501 1052 pelli
1522 1000 1683 1039 honori-

268 1060 339 1099 bus
363 1060 463 1106 suis;
485 1072 579 1099 num
603 1061 717 1099 etiam
741 1061 781 1099 in
806 1061 897 1099 deos
921 1060 1148 1098 inmortales
1171 1059 1448 1109 inauspicatam
1470 1058 1592 1108 legem
1617 1069 1683 1096 va-

268 1114 417 1155 luisse?
449 1116 657 1156 vindicasse
680 1118 785 1168 ipsos
803 1129 918 1156 suum
942 1129 1102 1159 numen,
1125 1128 1194 1154 sua
1217 1115 1398 1166 auspicia,
1421 1126 1518 1166 quae
1542 1119 1583 1153 ut
1602 1113 1684 1165 pri—

272 1186 378 1212 muni
403 1179 576 1213 contacta
600 1174 677 1212 sint
699 1174 745 1212 ab
768 1186 827 1220 eo,
857 1187 877 1212 a
900 1186 977 1224 quo
1001 1185 1072 1211 nec
1100 1172 1157 1210 ius
1179 1184 1250 1211 nec
1271 1172 1327 1210 fas
1349 1170 1481 1217 fuerit,
1511 1170 1683 1209 deletum

271 1242 358 1268 cum
382 1230 479 1268 duce
510 1230 722 1269 exercitum
746 1230 982 1269 documento
1010 1229 1142 1275 fuisse,
1172 1242 1220 1267 ne
1251 1228 1390 1267 deinde
1413 1227 1565 1266 turbato
1589 1240 1684 1278 gen-

204 1292 241 1323 12
272 1287 371 1325 tium
392 1286 478 1324 iure
508 1287 662 1326 comitia
692 1287 940 1326 haberentur.
981 1286 1042 1325 his
1063 1285 1221 1324 vocibus
1250 1285 1354 1324 curia
1377 1290 1414 1323 et
1435 1284 1565 1323 forum
1594 1296 1685 1335 per-

269 1347 395 1382 sonat.
436 1344 505 1394 Ap.
529 1343 745 1389 Claudium,
775 1343 864 1394 quia
887 1343 1123 1382 dissuaserat
1148 1343 1286 1393 legem,
1316 1342 1461 1381 maiore
1484 1352 1587 1380 nunc
1613 1353 1684 1380 au-

272 1434 400 1467 nikern.

317 1480 415 1512 7-9.
450 1482 559 1523 primo
585 1491 612 1521 (Ι.
641 1482 678 1521 t.,
704 1481 735 1519 4,
762 1480 814 1521 58,
841 1480 870 1512 S.
898 1499 939 1502 ——

271 1525 436 1563 Hernt'cz's,
460 1525 524 1564 die,
543 1525 700 1557 naehdem
718 1525 872 1557 einzelne
890 1525 941 1556 la-

270 1570 412 1602 tinisehe
439 1570 576 1603 Staaten
600 1570 826 1603 iiberwunden
853 1570 940 1611 sind,

271 1626 297 1647 s.
316 1616 346 1653 6,
365 1616 425 1654 263
446 1616 505 1656 293
532 1616 593 1648 den
613 1613 719 1657 Rrieg
744 1614 810 1647 fast
836 1615 940 1648 allein

271 1660 401 1701 siihren,
416 1673 443 1693 c.
459 1661 490 1700 9,
508 1664 541 1700 13
570 1660 749 1692 Mommsen
769 1663 794 1702 l,
809 1661 883 1692 349.
899 1679 942 1684 —-

272 1708 361 1748 suis,
392 1707 457 1739 wie
484 1706 534 1738 sie
568 1706 621 1738 ein
648 1706 804 1747 Plebejer
828 1706 941 1738 halten

273 1752 370 1791 kann,
385 1752 476 1784 nicht
489 1752 549 1782 den
565 1751 799 1793 patricischen,
818 1762 842 1782 s.
857 1750 877 1792 ξ
893 1752 941 1784 10.

272 1815 315 1819 -
339 1796 474 1839 perinde
500 1799 552 1834 ut,
583 1808 609 1827 c.
637 1798 667 1837 5,
696 1798 724 1827 7.
751 1815 794 1819 —
817 1807 875 1839 pro
899 1815 943 1820 -—

274 1841 430 1879 consnlw,
454 1840 508 1873 fiir
525 1846 630 1873 etwas
651 1853 680 1872 u.
701 1852 726 1873 s.
745 1852 799 1879 w.‚
829 1843 894 1882 vgl.
912 1842 942 1884 9,

280 1889 328 1923 11,
343 1887 378 1918 4;
405 1889 587 1929 omnz‘apro
602 1887 728 1927 efnsecto
742 1888 826 1925 sint,
849 1888 874 1925 1,
889 1888 943 1928 40,

275 1932 313 1971 23
340 1932 369 1970 6,
389 1933 443 1972 40,
464 1933 513 1963 17.
531 1950 564 1954 —
588 1932 677 1974 forle
690 1950 732 1954 —
745 1942 852 1971 casus,
870 1937 943 1963 tau-

274 1977 454 2018 tologiscb,
480 1988 506 2009 s.
536 1980 561 2015 1,
581 1978 612 2016 4,
629 1977 660 2008 4.
687 1996 729 1999 —>
756 1987 879 2019 magno
904 1988 943 2019 c.,

274 2022 337 2054 wie
365 2024 394 2061 ὃ,
418 2023 466 2063 18,
487 2023 521 2053 7:
554 2021 696 2054 Titinius
715 2021 943 2054 Genucius-

275 2078 335 2109 que
362 2086 402 2090 ——
431 2067 509 2099 dnm
535 2067 653 2099 bellum
682 2070 808 2099 maiore
833 2070 944 2100 animo

270 2115 399 2155 gerant
416 2123 514 2154 quam
536 2112 671 2145 consilio
688 2114 945 2156 praecipitavere

274 2169 308 2189 se
343 2159 376 2189 ιἠ.
419 2158 568 2190 insidias.
632 2157 798 2189 Genucius
837 2161 944 2190 morte

274 2204 412 2235 honesta
429 2221 471 2225 h
489 2205 574 2235 inter
584 2204 751 2245 primores
763 2203 887 2235 cecidit.
900 2221 944 2227 —

272 2250 520 2291 praecipitaret,
539 2259 566 2280 s.
586 2250 613 2288 5,
635 2248 683 2285 18,
700 2248 730 2287 7,
748 2248 813 2287 vgl.
836 2260 875 2279 zu
890 2248 943 2287 25,

279 2294 329 2333 16,
349 2294 402 2331 153
420 2293 631 2334 35,2,14.—
649 2293 764 2324 consul
777 2293 832 2331 ist,
849 2304 942 2325 wenn

276 2338 328 2370 die
341 2338 462 2370 Lesart
477 2339 599 2379 richtig
618 2338 671 2377 ist,
688 2343 872 2379 zugesetzt,
892 2350 942 2370 uin

276 2384 370 2416 einen
402 2383 591 2423 Gegcnsatz
624 2394 664 2414 zu
691 2383 876 2424 legionibus
903 2395 942 2415 zu

274 2429 458 2469 gewinnen.
470 2448 511 2451 —-
525 2431 677 2471 metm-cop.
695 2429 776 2459 nach
790 2429 941 2469 Madvig,

274 2474 327 2506 die
344 2475 414 2506 hds.
435 2473 554 2505 Lesart
572 2475 823 2515 interfecissent
842 2474 942 2506 liesse

274 2519 343 2550 sich
382 2530 443 2551 nur
480 2519 648 2551 kiinstlicb
687 2518 861 2550 erklfiren:
903 2520 942 2550 ab

272 2566 422 2596 hostibus
447 2564 660 2604 occideretur,
686 2565 744 2605 qm?
766 2565 940 2604 interfecto

1014 1432 1148 1465 consule
1161 1433 1360 1473 nesciebant,
1382 1443 1477 1474 quem
1492 1432 1686 1474 interfecis-

1013 1482 1095 1517 sent,
1113 1479 1256 1511 leichter
1273 1479 1363 1510 w'zire
1389 1478 1619 1519 interficerent
1644 1488 1685 1509 zu

1015 1525 1145 1556 deuten.

1065 1614 1204 1647 10—12.
1231 1617 1363 1646 tantum
1386 1633 1416 1636 —
1442 1616 1564 1655 quant,
1584 1613 1615 1653 6,
1630 1612 1683 1653 32,

1016 1660 1053 1698 8,
1073 1659 1126 1698 28,
1142 1660 1172 1700 2,
1192 1660 1239 1691 13.
1259 1679 1293 1682 -
1314 1662 1437 1703 patres,
1458 1659 1509 1690 die
1522 1663 1682 1700 strengen

1015 1704 1262 1737 Aristokraten.
1290 1723 1331 1728 —
1358 1707 1458 1745 irent,
1483 1714 1540 1744 cr„
1577 1706 1625 1742 10,
1653 1704 1685 1743 4,

1020 1751 1074 1783 10:
1093 1751 1144 1791 ite,
1164 1750 1262 1781 dicite
1281 1762 1311 1781 u.
1327 1760 1354 1782 a.
1369 1750 1460 1793 plebi
1475 1751 1570 1789 scito,
1585 1750 1617 1790 6,
1631 1749 1685 1790 42,

1016 1798 1046 1827 9.
1056 1813 1096 1817 ——-
1107 1806 1188 1826 nmn
1201 1798 1301 1827 etiam
1317 1796 1413 1828 stellt
1425 1795 1684 1827 nachdriicklich

1016 1841 1074 1872 das
1108 1840 1406 1873 Niehtstattfinden
1441 1841 1497 1872 des
1530 1840 1685 1873 Zweiten

1017 1886 1087 1917 dem
1119 1886 1368 1926 einger'aumten
1401 1886 1600 1918 Stattfinden
1628 1886 1685 1919 des

1016 1931 1138 1962 Ersten
1165 1935 1344 1972 entgegen,
1378 1932 1573 1972 umgekehrt
1598 1932 1628 1971 4,
1656 1931 1687 1972 3,

1017 1976 1045 2006 9.
1059 1995 1093 1998 -κ
1112 1978 1327 2019 ίηαιιερίοαί.,
1337 1978 1419 2008 011116
1428 1977 1619 2019 Auspicien,
1631 1977 1684 2008 die

1016 2021 1115 2053 somit
1145 2022 1205 2053 den
1233 2021 1401 2053 Tribunen
1434 2022 1682 2065 abgesprochen

1018 2067 1162 2107 werden,
1180 2067 1338 2107 gegeben,
1358 2068 1389 2108 6,
1407 2068 1460 2106 41,
1479 2068 1509 2104 5,
1536 2067 1603 2108 vgl.
1633 2069 1683 2107 10,

1016 2113 1070 2150 47,
1093 2114 1118 2144 l.
1137 2130 1179 2134 —
1197 2123 1329 2152 numen,
1349 2113 1443 2144 ihren
1464 2112 1603 2153 Willen,
1620 2113 1683 2145 den

1017 2157 1067 2189 sie
1077 2158 1109 2188 in
1119 2158 1180 2189 den
1189 2157 1361 2198 Augurien
1371 2158 1465 2190 ihren
1476 2158 1681 2190 Vei-trauten

1017 2203 1218 2243 offenbaren,
1249 2204 1274 2243 l,
1293 2204 1345 2243 55,
1364 2204 1394 2235 3.
1414 2221 1452 2226 —
1478 2214 1537 2234 nec
1554 2204 1683 2245 —fas‚

1018 2248 1082 2288 vgl.
1103 2249 1132 2288 4,
1152 2248 1182 2288 3,
1201 2248 1235 2279 8;
1259 2250 1337 2290 quin
1355 2250 1470 2287 etiam,
1487 2250 1519 2279 si
1533 2248 1599 2279 diis
1611 2248 1682 2291 pla-

1016 2297 1079 2331 cet,
1103 2294 1204 2335 nefas
1226 2296 1321 2325 aiunt
1337 2305 1409 2325 esse
1430 2293 1596 2325 consulem
1612 2292 1682 2336 ple-

1017 2339 1124 2369 belum
1141 2338 1231 2380 fieri}
1257 2340 1288 2379 6,
1306 2340 1360 2379 41,
1382 2340 1401 2371 4
1416 2339 1465 2377 ff.;
1490 2339 1520 2377 4,
1539 2338 1570 2379 6,
1590 2339 1619 2370 2.
1638 2357 1681 2361 -

1011 2385 1162 2424 gentium
1182 2385 1214 2423 ἰ,,
1233 2384 1264 2423 4,
1286 2385 1314 2423 1,
1333 2384 1361 2416 2.
1380 2403 1423 2407 --
1439 2385 1567 2426 forum,
1595 2385 1682 2415 Aeu-

1016 2439 1196 2468 sserungen
1212 2440 1273 2460 voi·
1286 2430 1357 2461 dem
1374 2429 1490 2463 Volke.
1506 2448 1543 2451 —
1568 2427 1681 2461 Claud.

1016 2473 1045 2512 6,
1065 2475 1122 2512 403
1150 2472 1185 2505 L.
1205 2475 1334 2506 seheint
1354 2475 1408 2506 ihn
1425 2474 1480 2506 fiir
1497 2475 1557 2506 den
1576 2475 1606 2514 4,
1624 2473 1678 2514 48,

1016 2521 1033 2550 5
1050 2519 1080 2551 ff.
1100 2520 1292 2551 erwahnten
1310 2531 1350 2551 zu
1366 2520 1491 2560 halten,
1510 2530 1536 2551 s.
1554 2519 1681 2551 Becker

1015 2565 1043 2607 2,
1060 2565 1088 2605 2,
1106 2565 1178 2596 155.
1193 2583 1234 2587 —
1248 2576 1335 2596 nunc
1349 2577 1380 2597 n.
1400 2575 1497 2606 qnam
1511 2567 1598 2605 arete,
1614 2564 1679 2604 vgl.
