1763 2983
214 198 296 241 308

692 198 816 230 LIBER
839 198 965 231 XXIII.
999 198 1091 231 CAP.
1119 201 1169 232 12.

1480 205 1506 223 a.
1526 204 1555 223 u.
1572 197 1634 224 538.

142 299 196 338 12
216 300 486 340 inmortalibus
517 300 575 351 agi
605 300 829 351 haberique.
878 301 934 339 Ad
961 301 1077 339 fidem
1100 301 1238 339 deinde
1260 306 1336 339 tam
1356 301 1543 339 laetarum
1573 313 1639 339 re-

217 369 307 396 rum
330 357 477 396 effundi
508 357 547 395 in
578 357 768 396 vestibulo
798 357 926 395 curiae
956 357 1068 396 iussit
1088 357 1225 396 anulos
1244 369 1395 402 aureos,
1422 356 1489 406 qui
1511 362 1639 395 tantus

216 426 378 452 acervus
402 413 485 459 fuit,
508 418 549 452 ut
571 413 818 452 metientibus
840 413 1041 452 dimidium
1062 425 1180 464 super
1203 413 1270 452 tris
1291 413 1444 451 modios
1465 413 1640 463 explesse

178 477 197 508 2
220 470 297 509 sint
326 469 484 520 quidam
510 475 700 508 auctores.
743 471 841 508 fama
866 470 999 516 tenuit,
1021 481 1119 520 quae
1142 470 1304 520 propior
1324 481 1416 507 vero
1438 475 1506 515 est,
1539 469 1639 507 haud

218 527 306 577 plus
335 526 456 564 fuisse
482 525 626 564 modio.
663 526 799 564 adiecit
827 525 966 565 deinde
987 526 1126 572 verbis,
1157 538 1234 576 quo
1258 526 1415 564 maioris
1439 525 1554 564 cladis
1575 525 1640 563 in-

218 582 362 620 dicium
392 588 503 628 esset,
535 582 732 621 neminem
759 582 833 621 nisi
854 582 1035 633 equitem,
1064 588 1178 633 atque
1199 594 1337 620 eorum
1359 582 1536 632 ipsorum
1557 581 1640 632 pri-

178 650 197 680 3

179 1102 199 1132 6

218 651 367 685 mores,
393 638 431 676 id
462 651 595 689 gerere
622 639 784 687 insigne.

844 651 997 678 summa
1029 639 1102 677 fuit
1131 639 1337 684 orationis,
1370 650 1446 688 quo
1476 638 1639 688 propius

217 707 327 745 spem
355 694 443 733 belli
471 695 695 745 perficiendi
722 695 781 742 sit,
813 708 857 733 eo
890 695 1008 746 magis
1030 695 1137 733 omni
1158 708 1231 745 ope
1252 695 1467 735 iuvandum
1490 694 1642 732 Hanni-

217 751 340 789 balem
373 763 476 790 esse:
508 752 646 802 procul
676 752 779 790 enim
810 751 856 790 ab
888 752 1005 790 domo
1038 751 1209 790 militiam
1233 763 1328 795 esse,
1360 751 1398 788 in
1420 750 1545 788 media
1566 750 1641 788 ho-

177 818 198 849 4
217 807 334 846 stium
359 812 481 854 terra3
505 820 685 858 magnam
708 808 787 846 vim
811 808 997 846 frumenti
1020 807 1205 858 pecuniae
1228 807 1391 851 absumi,
1416 812 1520 845 ettot
1530 807 1642 853 acies,

218 869 261 902 ut
290 864 462 902 hostium
494 865 683 902 exercitus
715 864 874 910 delesse,
905 865 955 903 ita
978 864 1133 903 victoris
1156 864 1268 902 etiam
1291 863 1421 913 copias
1444 868 1550 913 parte
1571 863 1641 901 ali-

179 928 197 959 5
219 932 295 970 qua
317 920 525 959 minuisse:
554 921 785 959 mittendum
804 920 920 970 igitur
944 921 1259 971 supplementum
1282 932 1378 966 esse,
1411 919 1638 958 mittendam

216 976 256 1014 in
297 977 534 1026 stipendium
567 977 772 1027 pecuniam
811 978 1134 1027 frumentumque
1172 982 1248 1014 tam
1287 976 1386 1014 bene
1418 975 1564 1014 meritis
1594 975 1642 1013 de

216 1032 377 1070 nomine
407 1033 554 1071 Punico
588 1033 783 1071 militibus.

331 1089 554 1127 Secundum
586 1089 680 1127 haec
708 1089 805 1127 dicta
829 1089 1002 1139 Magonis
1026 1088 1132 1126 laetis
1162 1088 1344 1126 omnibus
1370 1087 1548 1132 Himilco,
1583 1087 1643 1125 vir

218 1144 394 1183 factionis
415 1145 610 1191 Barcinae,
640 1145 770 1183 locum
791 1144 994 1183 Hannonis
1018 1144 1244 1194 increpandi
1266 1157 1348 1183 esse
1370 1150 1488 1190 ratus,
1519 1143 1638 1194 „quid

218 1206 286 1248 est,
317 1199 511 1239 Hanno⁶?“
541 1201 679 1252 inquit,
710 1201 848 1248 „etlam
879 1214 986 1239 nunc
1008 1201 1176 1251 paenitet
1197 1200 1285 1238 belli
1307 1200 1475 1250 suscepti
1498 1200 1640 1238 adver—

181 1265 198 1295 7
219 1270 285 1295 sus
297 1255 528 1296 Romanos?
547 1258 637 1296 iube
659 1258 747 1296 dedi
769 1257 1047 1303 Hannibalem3
1069 1264 1152 1295 veta
1181 1257 1220 1295 in
1250 1263 1328 1295 tam
1353 1256 1551 1307 prosperis
1576 1268 1642 1295 re-

218 1313 292 1351 bus
313 1320 436 1364 grates
458 1313 539 1352 (leis
559 1314 829 1352 inmortalibus
850 1314 930 1365 agi3
952 1314 1155 1352 audiamus
1176 1314 1399 1352 Romanum
1422 1318 1643 1351 senatorem

180 1375 198 1406 8
217 1370 257 1408 in
279 1369 652 1420 Carthaginiensium
681 1371 821 1409 curia“.
862 1376 945 1409 tum
967 1371 1129 1408 Hanno:
1160 1370 1389 1415 „tacuissem
1412 1369 1539 1416 hodie,
1571 1381 1642 1419 pa-

216 1481 414 1524 supplicatio
433 1481 595 1521 entlehnt,
614 1482 740 1513 welche
760 1493 799 1513 zu
814 1481 894 1513 Rom

217 1527 251 1558 in
282 1526 387 1567 Folge
431 1538 494 1558 von
529 1527 646 1568 Siegen
689 1528 894 1568 angeordnet

217 1573 341 1604 wurde.

267 1615 333 1653 12.
366 1619 460 1650 1—2.
485 1621 529 1649 ad
543 1621 661 1658 fidem,
698 1620 752 1657 21,
783 1621 836 1655 34.
864 1620 893 1651 3.

217 1663 276 1695 Die
298 1663 450 1703 Sendung
467 1664 525 1694 der
541 1664 655 1703 Beute,
680 1664 744 1695 wie
771 1665 825 1704 21,
844 1666 892 1703 15,

219 1710 257 1748 2,
309 1709 402 1740 hatte
443 1708 534 1743 viell,
574 1709 668 1741 einen
717 1709 894 1750 religiosen

219 1753 351 1793 Zweck,
376 1765 402 1788 s.
429 1764 467 1785 zu
496 1756 549 1793 33,
576 1756 630 1791 49,
649 1757 678 1787 5.
700 1772 741 1777 —-
762 1758 891 1786 metien—

219 1802 302 1831 tibus
326 1799 372 1830 ist
408 1809 460 1830 am
485 1799 691 1831 einfachsten
717 1800 766 1831 als
792 1800 894 1831 Dativ

219 1855 258 1876 zu
277 1846 423 1883 nehmeu,
452 1844 514 1876 wie
539 1855 566 1877 c.
596 1847 646 1885 10,
667 1847 706 1885 9,
733 1847 788 1887 32,
805 1848 836 1883 2,
856 1847 894 1878 2:

218 1892 449 1929 experientibus
468 1901 548 1929 pars
571 1897 688 1931 qum-ta
702 1893 823 1923 decocta
839 1898 893 1930 est,

220 1937 284 1977 vgl.
316 1938 344 1976 1,
373 1938 403 1975 8,
431 1937 467 1975 53
495 1938 524 1975 7,
559 1938 610 1976 10,
636 1938 674 1975 63
699 1938 752 1975 26,
779 1938 832 1976 38,
855 1938 894 1969 10

219 1992 248 2012 u.
278 1991 325 2020 a.,
364 1980 515 2021 obgleich
547 1992 581 2012 es
615 1982 697 2012 auch
723 1981 797 2012 Abl.
823 1981 893 2012 sein

220 2027 352 2065 kb'nnte,
377 2037 402 2057 S.
429 2029 459 2062 4,
487 2028 540 2065 60,
570 2028 605 2065 13
631 2028 684 2065 21,
715 2029 768 2065 57,
794 2030 823 2059 3.
850 2044 893 2047 —

220 2074 248 2103 d.
275 2083 344 2111 sup.
373 2078 414 2105 tr.
439 2083 492 2111 η,
519 2072 586 2111 vgl.
616 2071 690 2103 val.
706 2071 793 2102 Max.
810 2074 841 2111 7,
862 2073 892 2109 2,

219 2115 298 2150 Ext.
332 2118 387 2149 16:
410 2119 508 2148 trium
520 2119 698 2148 modiorum
715 2128 896 2148 mensuram

219 2165 392 2202 expleme3;
417 2161 552 2203 Eutrop.
583 2163 621 2201 3,
651 2164 707 2195 11:
742 2169 805 2194 tres
832 2172 895 2192 mo-

219 2210 307 2246 dios‚·
331 2207 420 2238 Flor.
451 2209 485 2246 1,
512 2208 578 2244 22,
609 2209 666 2240 18ι
703 2210 802 2238 modii
824 2210 895 2245 duo,

220 2253 287 2293 vgl.
314 2252 396 2284 Plin.
423 2254 476 2292 33,
504 2254 534 2291 6,
562 2254 623 2291 2ος
662 2252 895 2284 iibertreibeud

220 2299 282 2330 Dio
332 2299 353 2330 I.
397 2298 435 2330 l.:
484 2300 580 2343 τρξῐς
626 2297 897 2342 μεδίμνους

218 2341 421 2383 Ἀττικοὺς,
465 2343 547 2374 iiber
578 2345 616 2375 Is
642 2346 748 2375 modii.
776 2361 820 2364 —
845 2354 896 2374 ezc-

214 2392 315 2429 plesse
342 2401 370 2420 n.
395 2400 474 2428 eum,
500 2399 524 2420 S.
552 2390 606 2427 22,
625 2391 678 2428 60,
709 2390 766 2427 1ος
793 2390 824 2425 ὃ,
841 2390 895 2427 32,

223 2437 283 2474 163
324 2436 382 2474 10,
417 2436 478 2473 35,
500 2435 535 2465 ·7
556 2432 576 2464 f.
620 2451 662 2456 —-
702 2435 792 2472 fama
824 2440 897 2471 ten„

222 2481 275 2520 21,
304 2482 359 2519 46,
389 2481 437 2513 10.
459 2498 500 2502 —
521 2482 609 2511 haud
628 2482 704 2518 plus
728 2483 801 2517 etc„
833 2478 897 2510 fast

221 2525 340 2556 ebenso
381 2525 433 2556 die
472 2524 650 2556 Periocha:
689 2536 766 2566 quos
798 2536 896 2556 execes-

221 2573 296 2602 si.5se
323 2573 422 2602 modii
442 2582 630 2602 mensuram.
663 2587 706 2592 ——
725 2573 895 2609 primores,

221 2626 301 2646 nur
325 2616 377 2647 die
403 2620 523 2655 ersten,
553 2618 584 2654 9,
612 2617 666 2655 46,
689 2616 747 2656 123
773 2626 806 2647 es
825 2615 897 2646 sind

964 1481 1015 1513 die
1040 1485 1157 1522 equites
1180 1492 1258 1522 equo
1276 1483 1422 1520 publico,
1463 1482 1504 1519 9,
1532 1482 1569 1519 7,
1599 1482 1641 1520 9;

964 1527 1014 1558 die
1047 1527 1185 1567 iibrigen
1216 1530 1335 1567 ’crugen
1367 1525 1432 1557 wie
1467 1525 1518 1557 die
1543 1524 1642 1557 Plebs

963 1572 1091 1604 eiserne
1117 1572 1233 1612 Ringe,
1258 1571 1384 1603 Becker
1409 1573 1439 1611 2,
1468 1573 1495 1610 1,
1524 1572 1598 1604 275.

1010 1619 1109 1650 3—5.
1125 1629 1258 1656 summa,
1283 1618 1341 1648 der
1354 1616 1577 1658 Hauptiuhalt.
1599 1634 1640 1639 --

956 1674 1051 1703 prop.
1076 1674 1181 1703 spem„
1208 1665 1261 1701 21,
1292 1664 1319 1701 1,
1344 1664 1382 1700 2;
1408 1664 1426 1701 ἓ
1446 1663 1484 1695 2:
1504 1664 1641 1701 propior

962 1720 1044 1741 vero.
1072 1726 1114 1730 —
1142 1711 1194 1747 sic,
1220 1708 1307 1739 nach
1331 1708 1403 1739 ‹lem
1428 1706 1522 1747 Folg.
1550 1706 1639 1738 Han-

964 1754 1063 1786 nibal.
1091 1772 1133 1776 —
1153 1755 1319 1794 frumenti
1337 1764 1414 1792 ρέα,
1443 1753 1500 1784 das
1527 1751 1641 1794 Asyu-

964 1800 1074 1836 (leton,
1101 1810 1153 1830 um
1172 1799 1263 1830 nicht
1284 1799 1367 1830 alles
1386 1797 1542 1829 Einzelne
1565 1796 1641 1829 auf-

964 1845 1142 1883 zuziihleu,
1170 1856 1194 1877 s,
1222 1846 1284 1884 21,
1322 1845 1381 1883 28,
1413 1846 1439 1876 1.
1472 1861 1516 1865 -—
1538 1849 1573 1875 ut
1597 1860 1643 1865 --

964 1893 1032 1930 del„
1056 1901 1080 1921 s,
1106 1892 1136 1931 2,
1168 1892 1218 1927 13,
1247 1892 1276 1923 S.
1297 1907 1342 1911 —
1366 1892 1400 1920 2‘72
1423 1891 1506 1928 stip„
1536 1898 1588 1920 um
1606 1898 1641 1920 es

964 1947 1003 1967 zu
1032 1936 1231 1967 verwenden
1259 1934 1312 1965 fiir
1338 1946 1367 1966 u.
1394 1945 1419 1966 s.
1445 1944 1498 1971 w.,
1527 1933 1593 1974 vgl.
1608 1935 1640 1973 4,

965 1983 1018 2018 61.
1066 1983 1122 2013 10:
1166 1982 1246 2011 bona
1284 1982 1317 2010 in
1344 1982 1524 2018 praemium
1556 1981 1640 2011 data.

964 2027 1056 2057 Auch
1090 2025 1142 2056 bei
1177 2026 1238 2057 den
1262 2025 1402 2056 Romern
1427 2024 1563 2056 wurden
1589 2024 1642 2055 die

965 2072 1024 2102 (len
1040 2070 1195 2102 Soldaten
1216 2081 1288 2101 vom
1306 2070 1421 2101 Stante
1444 2068 1641 2110 gelieferten

965 2116 1201 2148 Lehcnsmittel
1228 2116 1337 2147 die3en
1365 2116 1414 2147 als
1439 2115 1518 2146 Sold
1542 2124 1642 2155 ange-

966 2163 1113 2199 rechnet,
1142 2161 1244 2202 Man-q.
1271 2163 1302 2200 3,
1324 2163 1354 2194 2.
1383 2163 1442 2199 753
1460 2171 1518 2192 zur
1534 2160 1639 2191 Sache

965 2207 1031 2247 vgl.
1059 2209 1096 2245 5,
1127 2209 1165 2245 7,
1200 2209 1254 2239 13:
1293 2209 1329 2238 ab
1360 2208 1435 2238 urbe
1457 2212 1642 2237 commeatus

965 2270 1009 2274 ——
1035 2255 1201 2284 z‘ntemz‘ore
1227 2254 1355 2284 subvehi
1377 2263 1463 2292 eura,
1501 2262 1541 2282 we
1563 2253 1645 2291 quid

965 2305 1027 2330 tam
1067 2300 1139 2330 bene
1178 2301 1285 2330 merito
1325 2300 1478 2329 exercitui
1512 2314 1552 2318 —
1586 2298 1640 2327 de-

968 2350 1051 2375 essct.

1013 2389 1236 2428 6-—10.faet.
1263 2390 1371 2423 Bam„
1400 2389 1454 2423 21,
1481 2388 1512 2426 2,
1538 2388 1568 2418 4.
1598 2403 1641 2408 --
1695 2407 1703 2422 .,

967 2438 1022 2467 loe.
1049 2437 1185 2472 inm-ep„
1224 2444 1249 2464 S.
1277 2435 1314 2471 2,
1342 2435 1403 2469 49,
1434 2433 1492 2468 11,
1522 2431 1641 2462 anders

967 2482 1020 2519 21,
1048 2481 1109 2518 47,
1138 2482 1156 2511 6
1181 2489 1211 2510 u.
1243 2478 1296 2509 bei
1328 2476 1586 2515 Substantiven,
1616 2486 1640 2507 s.
1699 2480 1702 2482 '

968 2528 997 2563 3,
1025 2527 1078 2561 63,
1107 2526 1142 2563 73
1165 2525 1195 2559 6,
1226 2525 1279 2562 20,
1310 2525 1348 2555 10
1373 2534 1402 2554 u.
1428 2534 1457 2554 a.
1483 2540 1526 2544 —-
1551 2524 1642 2553 ctiam
1698 2540 1702 2542 >

966 2582 997 2601 n.
1020 2579 1054 2607 p.
1079 2569 1143 2600 wie
1171 2573 1201 2607 3,
1231 2570 1261 2604 2,
1292 2571 1379 2601 4.--
1396 2570 1477 2607 dedi,
1504 2569 1558 2607 21,
1590 2569 1640 2606 10,
1698 2595 1701 2599 .

970 2617 1021 2648 13.
1056 2633 1097 2637 -
1130 2621 1226 2646 senat.
1258 2616 1316 2654 R,
1351 2615 1411 2653 21,
1448 2615 1506 2652 11,
1545 2614 1571 2644 1.
1597 2628 1642 2633 --
