1763 2983
259 151 312 193 98
755 147 879 180 LIBER
904 146 997 180 xxt.
1026 147 1117 181 CAP.
1143 151 1194 183 41.

1522 155 1549 174 a..
1569 155 1597 172 u.
1614 146 1675 174 536.

259 254 352 293 alios
374 253 505 291 hostes
528 251 669 298 soletis,
692 263 865 301 pugnare
887 250 1013 297 velim,
1035 250 1101 289 sed
1128 264 1216 290 cum
1232 252 1494 302 indignatione
1507 251 1674 302 quadam

260 316 374 360 atque
406 309 472 355 ira,
503 308 607 346 velut
637 308 669 346 si
699 319 832 346 servos
858 307 1013 346 videatis
1043 314 1190 347 vestros
1219 320 1325 346 arma
1355 313 1513 358 repente
1540 312 1675 346 eontra

201 374 238 406 11
260 379 330 404 vos
362 367 545 404 serentes.
589 364 695 402 licuit
716 364 762 401 ad
786 364 950 414 Erycem
973 364 1124 403 clausos
1154 365 1287 403 ultimo
1316 364 1504 415 supplicio
1534 364 1675 402 huma-

262 434 419 466 norum,
438 424 538 459 fame
562 421 799 467 interlicere3
822 420 928 459 licuit
947 421 1141 459 victricem
1167 422 1326 459 classem
1348 421 1385 458 in
1400 420 1568 459 Africam
1583 420 1674 459 trai-

261 492 346 518 cere
385 484 498 528 atque
538 478 637 515 intra
667 489 811 527 paucos
838 477 917 515 dies
946 477 1027 515 sine
1060 478 1134 515 ullo
1167 478 1375 516 certamine
1406 477 1675 528 Carthaginem

201 538 239 570 12
261 536 476 574 delere—z
505 534 654 572 veniam
677 533 854 571 dedimus
877 534 1134 583 precantibus,
1167 534 1367 573 emisimus
1390 546 1435 572 ex
1459 533 1674 580 obsidione,

260 604 393 643 pacem
416 603 504 629 eum
530 591 636 629 vietis
658 590 832 636 1661111115,
862 590 999 628 tutelae
1022 590 1160 629 deinde
1181 596 1335 629 nostrae
1359 590 1553 637 duximus,
1583 601 1674 628 cum

201 648 239 679 13
260 649 391 687 Africo
413 648 513 686 bello
536 653 780 698 urgerentur.
811 658 881 697 pro
906 647 963 685 his
984 647 1173 697 inpertitis
1196 647 1390 685 furiosum
1412 650 1593 684 iuvenem
1610 659 1672 685 se-

260 711 423 755 quentes
445 709 711 755 oppugnatum
734 703 895 754 patriam
916 709 1088 741 nostram
1113 703 1283 741 veniunt.
1313 710 1426 753 atque
1438 703 1585 740 utinam
1602 715 1673 753 pro

200 760 239 791 14
260 762 399 800 decore
424 766 574 799 tantum
596 761 670 798 1106
696 759 804 798 vobis
831 765 867 798 et
888 771 967 797 nou
991 772 1062 809 pro
1085 760 1203 798 salute
1229 765 1328 798 esset
1348 758 1561 797 certamen!
1592 771 1674 797 non

260 818 306 856 de
332 818 580 868 possessione
607 817 753 855 Siciliae
778 828 819 854 ae
844 816 1050 861 Sardiniae,
1079 816 1125 854 de
1146 816 1287 866 quibus
1312 816 1511 866 quondam
1535 815 1674 866 ageba-

199 878 239 909 15
260 880 334 921 tur,
365 874 432 912 sed
463 885 534 924 pro
566 873 667 911 Italia
699 872 808 910 vohis
830 878 885 910 est
907 873 1172 923 pugnandum.
1212 885 1283 910 nec
1306 879 1363 910 est
1385 872 1479 910 alius
1502 871 1548 910 ab
1568 878 1675 922 tergo

261 931 463 976 exereitus,
492 930 569 980 qui,
601 930 675 967 nisi
702 942 774 966 nos
797 929 1000 974 vincimus,
1031 929 1131 967 hosti
1154 929 1322 975 obsistat,
1356 941 1427 966 nee
1450 928 1565 978 Alpes
1587 928 1678 967 aliae

259 993 362 1033 suut„
395 999 490 1037 quas
522 986 614 1024 dum
638 991 833 1035 superant,
857 986 1059 1035 conparari
1080 998 1181 1023 nova
1204 985 1354 1035 possint
1376 985 1575 1035 praesidia.
1616 985 1678 1022 hie

260 1050 316 1082 est
336 1043 582 1087 obstandum,
616 1042 765 1087 milites,
789 1041 892 1079 velut
914 1041 945 1079 si
964 1047 1050 1079 aute
1073 1043 1247 1080 Romana
1271 1041 1423 1079 moenia
1444 1053 1677 1091 pugnemus.

199 1105 239 1137 16
258 1112 361 1138 1111115
384 1099 550 1149 quisque
573 1110 612 1136 se
635 1110 715 1135 non
738 1109 882 1147 eorpus
903 1110 1019 1135 suum
1043 1098 1109 1135 sed
1133 1098 1339 1148 coniugem
1361 1110 1404 1135 ae
1424 1097 1564 1135 liberos
1588 1110 1677 1147 par-

258 1168 326 1194 vos
356 1156 472 1194 armis
504 1160 707 1205 protegere
738 1160 866 1205 putet:
900 1166 971 1192 nee
1003 1154 1233 1193 domesticas
1264 1154 1391 1192 solum
1421 1154 1532 1204 agitet
1555 1165 1678 1198 ouras,

307 1346 449 1379 10—13.
493 1344 552 1375 Die
588 1343 837 1384 Treulosigkeit
870 1344 933 1375 und

259 1389 531 1423 Uudankbarkeit
562 1390 621 1421 der
653 1389 773 1421 Punier
807 1388 935 1421 fordert

258 1447 317 1467 zur
341 1436 452 1467 Raehe
480 1434 545 1467 auf.
577 1454 612 1458 -
639 1438 682 1467 ad
709 1438 818 1475 Eryo„
837 1435 936 1467 stadt

259 1482 323 1514 und
350 1482 444 1521 Berg.
469 1499 513 1503 —
537 1483 660 1518 ultimo,
690 1491 716 1511 c.
756 1483 810 1518 44,
839 1483 876 1520 4·,
904 1484 934 1514 3

258 1529 313 1561 47,
350 1529 385 1560 2:
417 1538 498 1568 quae
524 1545 563 1548 —
605 1529 718 1558 ultima
748 1529 936 1558 timeammw

260 1573 314 1604 die
339 1573 501 1609 hiirteste,
536 1572 587 1603 die
613 1572 789 1604 Menschen
816 1572 934 1603 trell'en

259 1619 365 1658 kaung
393 1620 608 1650 humanorum
634 1629 663 1648 n.
697 1620 934 1657 suppliciorum,

260 1675 284 1695 s.
330 1666 357 1697 1.
406 1666 436 1697 7.
475 1666 513 1696 9:
550 1666 705 1695 humana:
748 1666 778 1698 4,
824 1666 854 1698 9,
898 1665 934 1696 3:

259 1712 373 1742 ultima
386 1711 585 1749 publicorum
602 1712 775 1751 ‘malowcmg
805 1711 857 1741 27.
880 1711 935 1744 44,

262 1757 290 1788 S.
317 1773 360 1778 —-
384 1758 496 1787 tutelae
511 1766 541 1788 n.
567 1757 608 1787 d..
635 1755 862 1786 hetrachteten
888 1754 935 1786 sie

260 1801 310 1832 als
335 1805 432 1832 unter
457 1810 606 1832 unserem
625 1799 765 1832 Sehutze
788 1801 936 1835 stehend,

261 1845 362 1887 genit.
404 1845 528 1888 qualit„
571 1845 650 1877 Tae.
686 1846 768 1877 Anu.
807 1848 836 1879 3.
876 1848 936 1878 20:

260 1893 451 1923 obsidionem
467 1894 593 1933 flayz'tz'i
618 1898 717 1931 ratus,
744 1891 810 1932 vgl.
831 1894 860 1926 7,
885 1892 936 1927 18,

262 1938 300 1970 3:
336 1940 422 1977 fidei
458 1949 532 1969 suae
566 1949 630 1969 non
666 1940 762 1969 solum
810 1939 939 1968 m'rtmz's

260 1985 412 2014 ducebam
435 1994 515 2023 esse,
543 1984 625 2014 ohne
646 1994 724 2022 esse,
754 1984 804 2022 10,
831 1984 884 2015 29,
908 1984 935 2015 1,

261 2027 329 2067 vgl.
359 2030 386 2065 1,
413 2030 444 2065 6,
464 2030 504 2067 43
532 2030 586 2065 24,
614 2030 667 2067 22,
698 2030 746 2061 15.
766 2046 809 2050 -
829 2030 938 2059 dez‘wde

262 2073 454 2105 bezeichnet
483 2074 643 2105 zuniiehst
682 2073 733 2105 die
758 2072 935 2113 Zeitfolge,

262 2118 337 2159 fiigt
354 2118 434 2150 aber
453 2118 545 2150 einen
564 2119 739 2150 stiirkereu
758 2118 937 2150 Gedankeu

262 2174 320 2194 an:
346 2164 430 2195 daun
455 2174 571 2204 sogar3
598 2175 624 2196 e.
651 2166 704 2201 34,
735 2166 768 2196 1:
794 2166 874 2195 inde.
893 2183 938 2186 -—

261 2208 384 2249 Africo
415 2211 452 2243 b.,
479 2219 506 2240 e.
537 2211 564 2243 1,
606 2212 637 2245 4,
669 2209 736 2250 vgl.
763 2208 877 2251 Polyb.
909 2211 936 2245 1,

263 2256 323 2294 833
349 2254 428 2285 Zon.
456 2256 485 2295 8,
517 2255 554 2287 17
581 2265 610 2286 a.
635 2254 671 2286 E.
700 2272 741 2278 —-
764 2266 824 2293 pro
847 2257 877 2285 Ιι.
905 2257 936 2288 ί..

262 2299 310 2331 als
348 2300 443 2332 Dank
480 2299 533 2331 fiir
574 2300 662 2331 diese
705 2300 936 2338 wohlthaten‚

265 2346 329 2386 vgl.
357 2347 388 2385 9,
419 2347 469 2385 16,
499 2347 556 2379 15:
583 2357 645 2385 pro
671 2357 706 2377 re
725 2347 797 2377 bene
833 2353 939 2388 qesta,-

262 2392 316 2431 27,
342 2392 397 2430 49,
425 2394 462 2431 7,-
489 2393 542 2431 28,
569 2393 600 2431 9,
628 2393 665 2431 73
692 2393 745 2430 29,
772 2392 802 2429 3,
843 2393 880 2424 12
907 2403 936 2423 u.

262 2447 302 2477 a.,
344 2436 411 2478 vgl.
449 2447 474 2468 c.
515 2439 541 2477 1,
577 2439 605 2470 5.
639 2437 878 2477 —furiosmm
912 2448 936 2469 s.

263 2480 283 2523 ξ
306 2482 325 2514 S
350 2483 414 2514 und
442 2483 507 2523 vgl.
534 2492 563 2516 c,
592 2483 644 2521 39,
674 2484 704 2515 7.
730 2499 772 2505 —
798 2494 937 2525 oppuyw.

256 2534 358 2567 patr„
389 2530 416 2562 1,
449 2530 499 2567 11,
527 2533 564 2561 6:
583 2531 727 2567 petitum.

311 2574 452 2606 13—17.
493 2573 536 2605 Es
570 2574 614 2605 ist
646 2573 698 2606 ein
731 2572 853 2615 Kampf
885 2572 938 2605 fiir

1004 1345 1055 1376 die
1071 1343 1230 1375 Existenz
1247 1344 1302 1375 des
1324 1344 1557 1376 Vaterlamles.
1580 1350 1680 1384 atque,

1004 1402 1029 1421 e.
1059 1392 1112 1426 40,
1136 1391 1185 1426 10,
1213 1390 1270 1421 (161·
1294 1400 1376 1421 116116
1396 1389 1492 1421 Τ11611
1513 1389 1571 1421 der
1591 1389 1680 1420 Rede

1006 1437 1047 1467 ist
1075 1436 1123 1467 als
1144 1435 1294 1467 Wunsch
1320 1436 1593 1477 ausgesprochen,
1622 1435 1681 1466 der

1006 1482 1088 1513 auch
1122 1485 1214 1512 soust
1253 1481 1311 1511 mit
1350 1488 1443 1521 atque
1481 1480 1682 1522 angekniipft

1006 1527 1100 1564 vird,
1123 1526 1188 1557 Cic.
1214 1526 1290 1568 Rep.
1319 1528 1348 1562 3,
1369 1529 1399 1562 5,
1427 1528 1464 1565 83
1492 1525 1546 1557 Or.
1574 1528 1604 1565 7,
1627 1527 1679 1558 22.

1004 1590 1049 1595 —
1069 1575 1114 1607 de,
1134 1572 1191 1603 der
1213 1571 1425 1612 Gegenstand
1443 1572 1499 1602 des
1513 1570 1679 1613 Hampfes,

1006 1619 1063 1650 der
1083 1617 1223 1657 erlangt.
1244 1629 1307 1657 pro
1330 1618 1387 1649 der
1403 1618 1574 1658 geschiitzt
1592 1627 1682 1648 wer-
1723 1650 1729 1656 ‚

1005 1665 1066 1695 (1611
1083 1663 1165 1695 soll:
1191 1665 1239 1696 10.
1266 1665 1315 1699 16,
1337 1666 1373 1695 7:
1399 1666 1558 1695 Romanos
1586 1665 1682 1694 dimi-

1006 1721 1077 1742 care
1098 1720 1157 1748 pro
1185 1711 1283 1740 salute
1312 1720 1379 1747 sua,
1412 1720 1477 1740 reon
1512 1712 1548 1740 de
1575 1711 1683 1741 imole-

1005 1757 1106 1787 rando
1127 1756 1240 1786 Italiae
1260 1757 1401 1794 imperio,
1428 1754 1494 1794 vgl.
1515 1756 1546 1788 4,
1569 1756 1622 1794 56,
1642 1756 1681 1793 4,

1010 1803 1060 1833 10.
1081 1802 1135 1836 39,
1155 1803 1193 1833 7:
1218 1800 1295 1831 Tac.
1314 1800 1392 1840 Agr.
1411 1801 1472 1832 26:
1498 1802 1603 1832 secura·
1621 1810 1682 1839 pro

1005 1849 1106 1877 salute
1134 1848 1170 1877 de
1185 1848 1288 1887 ylorz'a
1313 1847 1479 1877 certabant.
1498 1863 1541 1867 —
1558 1856 1614 1876 m‘c
1638 1852 1683 1876 est

1005 1892 1050 1922 ist
1078 1891 1227 1931 zugleich
1252 1891 1466 1928 verhindend,
1497 1894 1546 1926 10,
1574 1892 1628 1926 34,
1651 1894 1682 1924 6.

1006 1953 1047 1959 ——
1074 1939 1157 1968 alius
1191 1948 1299 1973 exerc„
1334 1936 1399 1976 vgl.
1434 1936 1523 1967 Hom.
1566 1935 1601 1967 ll.
1631 1938 1681 1976 15,

1008 1983 1090 2015 735:
1126 1982 1225 2023 Verg.
1263 1984 1294 2021 9,
1331 1983 1406 2015 782.
1441 1999 1484 2005 -—
1516 1984 1683 2019 vincimus,

1006 2029 1037 2064 2,
1056 2029 1109 2060 45.
1136 2029 1192 2063 13;
1221 2030 1252 2065 6,
1284 2029 1332 2065 15,
1353 2028 1390 2059 6:
1415 2030 1506 2069 quod
1519 2028 1683 2068 nisifacis

1007 2091 1048 2096 —
1068 2075 1184 2111 iubebo,
1206 2074 1289 2104 doeh
1306 2073 1398 2104 w'zire
1416 2083 1444 2104 a.
1466 2084 1496 2105 u.
1514 2073 1560 2104 St.
1582 2076 1612 2105 sa·
1627 2085 1684 2105 nos

1005 2129 1069 2150 ‘72072
1107 2119 1163 2149 das
1201 2118 1480 2159 gewiihnliehere.
1521 2136 1558 2140 —-
1603 2130 1682 2160 quas

1005 2166 1090 2201 dum,
1128 2163 1478 2205 Satzverschriinkung
1521 2168 1605 2196 satt:
1637 2171 1682 2206 ut,

1006 2213 1080 2241 dum
1117 2221 1182 2249 eas,
1220 2220 1245 2241 c.
1287 2212 1317 2249 6,
1352 2211 1388 2248 43
1423 2220 1462 2241 zu
1495 2212 1549 2250 36,
1584 2213 1614 2250 7,
1649 2212 1680 2249 6,

1006 2253 1044 2287 Κ.
1090 2257 1161 2288 195.
1202 2273 1247 2278 -
1279 2262 1439 2295 superam,
1478 2257 1509 2292 2,
1553 2256 1604 2295 14,
1644 2257 1680 2288 8;

1005 2303 1106 2333 delati.
1148 2319 1182 2322 —
1208 2312 1271 2332 non
1297 2318 1340 2323 —
1375 2303 1437 2339 sed,
1481 2302 1534 2340 23,
1573 2303 1603 2341 5,
1643 2303 1681 2342 73

1009 2348 1059 2385 10,
1094 2348 1124 2385 6,
1159 2348 1197 2379 4:
1229 2358 1293 2377 non
1325 2349 1468 2386 infimam
1487 2348 1604 2386 plebem
1637 2363 1682 2369 —

1005 2394 1060 2423 sed
1084 2394 1153 2430 ipsa
1185 2395 1288 2431 capita
1317 2394 1435 2432 plebz's3
1470 2393 1523 2430 28,
1561 2394 1616 2431 26,
1643 2394 1681 2431 7;

1007 2439 1060 2477 38,
1080 2439 1134 2475 22,
1158 2439 1195 2476 9;
1223 2439 1280 2469 das
1300 2436 1397 2469 Erste
1419 2437 1483 2468 soll
1508 2436 1598 2468 nieht
1623 2447 1681 2478 ge·-

1005 2483 1161 2523 l'augnet,
1196 2481 1362 2521 entfiernt,
1396 2483 1537 2514 sondern
1580 2482 1682 2514 durch

1006 2529 1063 2560 das
1095 2527 1223 2560 Zweite
1256 2528 1454 2569 bei-ichtigt,
1489 2528 1595 2560 dieses
1632 2527 1681 2560 als

1007 2574 1064 2606 das
1090 2574 1253 2605 zuniichst
1278 2584 1319 2605 zu
1335 2574 1554 2613 Beachtende„
1579 2574 1681 2615 dage-
