1763 2983
242 194 322 234 368

712 192 836 226 LIBER
861 192 918 225 lx.
955 192 1048 226 CAP.
1074 194 1128 226 44.

1428 201 1451 220 a.
1472 202 1499 221 u.
1518 193 1579 221 449.
1598 193 1660 223 450,

197 302 216 333 6
247 308 335 334 cum
359 295 529 334 diversas
550 295 738 346 regiones,
756 295 958 334 Tifernum
976 296 1215 343 Postumius,
1237 295 1451 334 Bovianum
1469 295 1658 336 Minucius

197 359 213 388 7
248 352 419 403 petisset,
442 351 622 390 Postumi
643 352 750 402 prius
774 352 893 391 ductu
915 353 960 391 ad
982 353 1185 392 Tifernum
1208 358 1435 403 pugnatum.
1473 352 1535 391 alii
1556 352 1657 392 haud

245 408 361 447 dubie
385 408 580 447 Sanmites
602 407 721 447 victos
743 421 786 448 30
815 408 946 459 viginti
977 409 1078 448 milia
1107 409 1312 448 hominum
1344 413 1455 460 capta
1485 409 1658 455 tradunt,

195 469 214 500 8
244 464 304 503 alii
325 464 445 503 Marte
468 477 593 515 aequo
616 465 845 512 discessum,
877 470 914 504 et
935 466 1195 511 Postumium,
1221 471 1373 504 metum
1395 465 1657 511 simulantem,

244 526 437 560 nocturno
458 521 598 560 itinere
620 521 716 560 clam
738 522 778 560 in
795 527 948 561 montes
966 523 1094 573 copias
1111 522 1330 568 abduxisse,
1353 520 1485 561 hostes
1504 527 1659 561 secutos

196 585 214 615 9
246 578 322 616 11110
345 578 448 616 milia
470 578 561 616 inde
584 577 677 618 locis
699 578 861 618 munitis
884 584 923 617 et
944 579 1050 630 ipsos
1071 579 1309 618 consedisse.
1355 578 1492 617 consul
1513 583 1557 617 ut
1577 583 1657 617 sta-

239 634 314 673 tiva
340 639 420 673 1013
448 635 682 686 copiosaque
704 658 757 661 —
779 641 817 674 et
850 635 901 673 ita
930 640 1041 674 erant
1062 659 1115 663 —-
1137 635 1283 686 petisse
1313 635 1520 682 videretur,
1551 639 1661 686 post-

239 702 357 742 quam
379 696 418 729 01
439 691 691 730 munimentis
713 696 837 731 035113
859 692 1027 730 firmavit
1045 697 1086 730 et
1103 692 1209 730 omni
1226 696 1411 742 apparatu
1429 704 1561 730 rerum
1580 691 1659 730 uti-

176 752 214 783 10
247 748 341 786 lium
364 747 560 794 instruxit,
592 748 724 786 relicto
755 749 868 786 firmo
900 748 1091 799 praesidio
1114 748 1161 786 de
1182 747 1304 799 vigilia
1327 748 1452 794 tertia,
1477 760 1551 799 qua
1573 747 1660 786 duci

239 804 568 855 proximepotest,
589 804 786 856 expeditas
804 805 976 855 legiones
993 804 1040 843 ad
1059 804 1257 855 collegam,
1277 809 1315 842 et
1330 804 1458 854 ipsum
1475 804 1659 843 adversus

174 865 209 897 11
243 860 336 899 31105
358 861 577 907 sedentem,
597 861 714 900 ducit.
747 861 799 900 1111
818 866 975 900 3001010
993 861 1196 900 Postumio
1212 860 1406 899 Minucius
1424 873 1512 900 curn
1535 861 1659 899 hosti-

239 917 313 956 bus
335 918 443 968 signa
465 918 629 964 confert,
661 924 700 956 et
722 931 811 957 cum
833 930 976 969 anceps
998 918 1189 968 proelium
1218 917 1257 956 in
1280 917 1447 956 multum
1470 917 1545 957 diei
1566 930 1660 969 pro-

246 974 437 1019 cessisset,
461 980 545 1013 tum
564 975 790 1013 Postumius
814 975 972 1025 integris
993 973 1209 1024 legionibus
1232 974 1423 1013 defessam
1439 975 1514 1013 iam
1536 975 1659 1014 aciem

180 1039 216 1070 12
246 1031 420 1069 hostium
443 1031 640 1082 inproviso
663 1031 820 1069 invadit.
862 1031 995 1082 itaque
1019 1043 1107 1069 cum
1136 1031 1322 1069 lassitudo
1351 1043 1395 1070 ac
1417 1032 1573 1070 vulnera
1595 1031 1659 1070 fu-

240 1100 326 1138 gam
349 1100 508 1139 quoque
531 1087 838 1138 praepedissent,
862 1087 1062 1126 occidione
1084 1087 1202 1126 occisi
1218 1087 1365 1133 hostes,
1395 1088 1504 1139 signa
1537 1099 1659 1126 unum

175 1152 213 1185 13
244 1149 282 1182 et
303 1144 439 1194 viginti
461 1150 571 1195 capta
592 1149 706 1195 atque
728 1144 818 1182 inde
840 1144 886 1182 ad
910 1150 1034 1183 035113
1051 1143 1229 1183 Postumi
1246 1139 1481 1195 perrectum.
1512 1144 1565 1182 ibi
1582 1145 1659 1183 duo

242 1201 406 1239 victores
440 1200 631 1239 exercitus
663 1200 889 1252 perculsum
919 1201 995 1239 iam
1025 1201 1126 1240 fama
1148 1201 1304 1239 hostem
1335 1201 1458 1239 adorti
1489 1200 1661 1239 fundunt

240 1257 478 1308 fugantque,
500 1257 604 1308 signa
626 1257 804 1296 militaria
827 1270 893 1296 sex
912 1263 951 1296 et
972 1257 1105 1309 viginti
1127 1263 1234 1309 capta
1253 1262 1291 1296 et
1312 1257 1525 1308 imperator
1546 1258 1660 1296 Sam—

243 1314 383 1352 nitium
414 1314 558 1353 Statius
588 1314 731 1353 Gellius
760 1314 952 1365 multique
989 1314 1050 1354 alii
1078 1314 1260 1353 mortales
1289 1319 1327 1352 et
1356 1319 1480 1353 castra
1498 1318 1659 1365 utraque

168 1382 216 1413 ’14

177 1496 213 1528 15

175 1666 213 1697 16

246 1376 368 1421 capta.

429 1376 466 1409 et
497 1370 711 1409 Bovianum
742 1370 835 1409 urbs
869 1376 1028 1422 postero
1061 1370 1122 1409 die
1153 1375 1290 1422 coepta
1322 1371 1536 1422 oppugnari
1556 1370 1662 1409 brevi

245 1427 403 1478 capitur,
422 1439 639 1478 magnaque
657 1427 777 1477 gloria
792 1439 925 1466 rerum
942 1432 1140 1478 gestarum
1158 1427 1339 1466 consules
1355 1427 1660 1478 triumpharunt.

245 1483 456 1522 Minucium
468 1484 683 1529 consulem,
703 1496 791 1522 cum
804 1484 960 1523 vulnere
972 1484 1074 1534 gravi
1085 1485 1251 1523 relatum
1263 1484 1303 1522 in
1312 1489 1449 1530 035113,
1461 1489 1661 1523 mortuum

245 1540 403 1592 quidam
437 1545 616 1579 auctores
647 1546 749 1587 sunt,
782 1545 820 1579 et
850 1540 899 1579 Μ.
923 1541 1099 1580 Fulvium
1132 1541 1172 1579 in
1200 1541 1329 1580 locum
1353 1540 1438 1580 eius
1461 1541 1660 1579 consulem

240 1597 470 1643 suffectum,
504 1601 541 1635 ct
571 1597 617 1636 ab
649 1610 708 1644 eo,
740 1610 830 1636 cum
866 1598 912 1636 ad
944 1597 1158 1636 exercitum
1180 1597 1336 1636 Minucii
1367 1597 1511 1636 missus
1543 1602 1660 1643 esset,

243 1654 458 1693 Bovianum
483 1659 651 1705 captum,
681 1677 734 1682 —-
759 1654 815 1692 Eo
839 1666 942 1693 anno
966 1654 1061 1693 Sora
1082 1654 1274 1705 Arpinum
1297 1654 1485 1693 Cesennia
1507 1658 1662 1705 recepta

243 1792 270 1813 s.
298 1781 359 1820 27,
385 1782 445 1817 30,
473 1781 507 1812 7:

244 1838 275 1858 u.
294 1837 322 1858 3.
350 1845 394 1849 -
425 1825 619 1868 Tifernmn,
646 1837 686 1858 zu
710 1826 919 1858 1101015011οἰ-

244 1872 303 1903 deu
323 1882 387 1903 von
407 1872 492 1903 zwei
506 1872 917 1913 gleichna111igenSt2‘idten

244 1917 277 1949 in
296 1916 468 1956 Umbrica,
495 1917 625 1949 scheint
649 1928 714 1949 von
738 1917 917 1948 Bovianum

244 1962 376 2001 i5stlich‚
395 1972 445 1993 am
465 1962 513 1993 Fl.
535 1961 694 1994 Tifernus
719 1962 859 2003 gelegen
877 1973 918 1993 zu

243 2007 359 2047 haben,
382 2008 446 2038 wie
470 2007 622 2039 diversas
644 2018 715 2048 reg:
742 2008 915 2047 andeutct3

243 2064 279 2084 so
306 2054 383 2084 dass
410 2053 469 2084 1101
494 2053 566 2084 eine
595 2052 720 2084 Consul
745 2063 808 2084 von
835 2052 918 2084 We-

243 2103 329 2136 sten,
348 2098 407 2129 der
425 2098 546 2129 andere
566 2109 630 2129 von
649 2098 752 2130 051011
774 2098 805 2129 10
825 2098 917 2129 Salu—

245 2144 333 2174 nium
347 2143 531 2184 eindringt3
546 2145 595 2183 10,
610 2143 650 2174 14
669 2161 705 2166 —
719 2143 916 2183 Bovianum,

244 2198 359 2230 wegeu
379 2189 437 2220 der
455 2190 633 2229 griisseren
652 2188 744 2220 Niihe
764 2189 821 2220 des
836 2198 916 2228 ager

244 2233 400 2266 Stellatis
419 2234 482 2265 und
503 2245 567 2265 von
586 2233 769 2275 Tifernum,
789 2234 916 2264 welche

244 2279 296 2310 bei
323 2280 382 2311 der
400 2278 473 2310 List
499 2280 557 2311 des
576 2279 766 2311 Postumius
784 2278 804 2319 ξ
825 2279 864 2310 10
884 2278 914 2309 ff.

245 2329 500 2364 vorausgesetzt
523 2324 619 2363 wird,
644 2324 690 2355 ist
706 2324 780 2355 hier
797 2334 838 2355 311
856 2324 914 2354 1135

244 2370 396 2401 siidliche
414 2369 595 2401 Bovianum
615 2380 656 2400 zu
674 2369 813 2409 dcnken,
832 2369 914 2400 wel-

244 2416 321 2447 ches
349 2414 473 2456 frither,
498 2425 524 2446 s.
552 2426 580 2446 0.
605 2414 658 2454 31,
682 2415 714 2453 4,
745 2414 915 2446 entweder

245 2471 306 2491 nur
323 2460 532 2502 gepliindert,
559 2461 638 2491 oder
656 2460 737 2491 nach
755 2460 815 2491 der
831 2459 916 2490 Ein-

246 2506 360 2537 nahme
392 2505 497 2537 durch
525 2505 577 2537 die
606 2504 726 2536 Riimer
756 2515 819 2535 von
853 2505 914 2535 den

243 2550 414 2583 Samniten
424 2551 552 2582 wieder
563 2550 698 2582 erobert
706 2549 841 2582 worden
857 2549 913 2581 ist.

288 2596 410 2628 9—15.
451 2598 566 2627 castra
591 2595 674 2627 nach
696 2596 822 2627 stativa
847 2594 913 2626 wie

549 1780 733 1813 Chalcidem
771 1780 920 1812 Euboeae

992 1791 1019 1811 0.
1041 1780 1095 1820 43,
1126 1780 1175 1812 12.
1201 1798 1243 1802 -
1267 1779 1316 1812 de.
1342 1781 1447 1822 vigi„
1467 1780 1497 1820 8,
1528 1779 1580 1821 23,
1610 1782 1661 1821 15,

991 1844 1035 1848 ——
1053 1836 1118 1866 qua
1135 1828 1306 1868 —potest‚
1324 1827 1352 1866 1,
1372 1826 1425 1865 23,
1443 1827 1474 1857 5.
1492 1844 1534 1848 —
1552 1828 1584 1857 et
1601 1828 1661 1869 ips.

990 1888 1035 1893 —
1057 1871 1239 1911 sedentem,
1266 1871 1348 1903 auch
1379 1881 1415 1902 er
1437 1871 1529 1902 hatte
1555 1871 1660 1903 einem

991 1916 1123 1947 samnit.
1143 1915 1250 1948 Heere
1265 1916 1456 1957 gegeniiber
1470 1915 1524 1947 ein
1543 1917 1662 1948 Stand-

990 1961 1094 2001 lager.
1113 1980 1155 1983 —
1172 1963 1204 1992 in
1228 1961 1325 1993 mult.
1357 1961 1402 2003 d.,
1426 1972 1452 1994 c.
1478 1961 1532 2001 39,
1555 1961 1591 1993 8:
1618 1961 1664 1993 ad

990 2008 1147 2038 ultimum
1181 2007 1307 2038 laboris
1339 2012 1403 2039 etc.
1443 2026 1485 2030 ——
1519 2005 1661 2046 Statius,

991 2052 1176 2092 Vornamc3
1207 2051 1339 2092 Gellius,
1365 2052 1452 2084 Vor-
1469 2052 1533 2083 und
1552 2051 1661 2084 Zuna-

990 2107 1050 2129 me.
1076 2115 1119 2119 ——
1140 2100 1236 2140 capta
1253 2116 1296 2120 -
1326 2100 1422 2139 capta
1445 2116 1487 2120 -—
1517 2100 1661 2141 capitur,

991 2153 1017 2173 c.
1054 2142 1115 2181 24,
1149 2143 1196 2175 11.
1231 2162 1273 2165 ——
1303 2143 1575 2186 triavzpharmzt,
1608 2143 1661 2174 die

989 2186 1293 2229 Triumphalfasten
1309 2188 1439 2220 melden
1454 2188 1570 2221 diesen
1585 2187 1662 2223 Tri-

988 2233 1086 2274 umph
1127 2232 1234 2274 nicht,
1275 2233 1343 2264 wol
1392 2233 1472 2265 aber
1507 2235 1569 2265 den
1603 2233 1661 2264 des

987 2277 1129 2309 Fulvius
1162 2272 1185 2318 ξ
1210 2279 1264 2309 15:
1297 2278 1337 2309 de
1365 2277 1574 2310 Samnitibus
1606 2289 1661 2309 au.

993 2321 1188 2354 CDA'LHA'.
1218 2323 1279 2355 III.
1310 2322 1395 2356 Νοη.
1432 2324 1509 2363 Oct„
1542 2324 1660 2355 dessen

990 2367 1175 2400 Nachwahl
1193 2369 1277 2399 auch
1295 2369 1348 2400 die
1372 2368 1516 2411 Capitol.
1537 2368 1660 2401 Fasteu

989 2413 1179 2444 erwiihnen.

1036 2459 1087 2491 16.
1121 2457 1205 2490 Sora
1230 2458 1312 2501 Arp.
1342 2458 1387 2497 C„
1415 2459 1467 2490 die
1490 2458 1659 2490 Samniten

988 2503 1118 2535 konnen
1138 2503 1209 2534 ihre
1234 2502 1343 2535 festen
1359 2503 1474 2535 Platze
1498 2502 1558 2535 auf
1578 2506 1659 2535 ro‘m.

989 2547 1128 2580 Gebiete
1145 2548 1237 2580 nicht
1254 2548 1346 2580 mehr
1368 2548 1565 2590 behaupteu.
1597 2548 1660 2580 So-

988 2603 1039 2634 ra,
1060 2603 1088 2626 c.
1108 2593 1164 2635 43,
1195 2595 1228 2634 1;
1246 2595 1426 2637 Arpinum,
1444 2593 1476 2625 in
1492 2593 1552 2625 der
1568 2593 1661 2626 Niihe
