1763 2983
729 122 853 156 LIBER
881 121 948 157 Vll.

1001 121 1094 155 CAP.
1123 122 1175 156 22.
1444 130 1469 149 a.
1491 130 1517 147 u.
1537 124 1597 147 4⁰3.
1617 124 1677 149 404.

263 229 480 278 interreges
502 227 541 266 C.
567 225 762 277 Sulpicius
786 230 823 265 et
843 225 892 264 M.
915 225 1054 265 Fabius
1083 224 1302 276 interpositi
1323 223 1549 270 obtinuere,
1572 224 1677 275 quod

264 286 429 324 dictator
449 284 595 322 frustra
615 283 845 327 tetenderat,
866 282 1020 321 mitiore
1043 282 1116 320 iam
1136 282 1246 333 plebe
1268 280 1317 319 ob
1335 292 1470 320 recens
1492 280 1677 320 meritum

214 354 232 381 :3
263 342 372 380 levati
394 341 490 379 aeris
513 339 644 387 alieni,
677 344 720 379 ut
747 339 861 378 ambo
893 339 1041 390 patricii
1071 338 1253 377 consules
1276 342 1516 377 crearentur.
1535 339 1539 340 ⁷
1560 337 1678 377 creati

264 399 344 450 ipse
367 398 405 437 C.
431 397 625 448 Sulpicius
648 396 814 443 Peticus,
837 397 904 448 qui
926 396 1030 447 prior
1052 395 1273 445 interregno
1295 394 1401 441 abiit,
1424 400 1463 433 et
1483 394 1525 432 T.
1550 394 1677 442 Quin-

264 455 362 494 ctius
391 455 569 496 Pennus:
606 453 763 505 quidam
795 454 1009 493 Caesonem
1047 452 1107 490 alii
1141 451 1280 490 Gaium
1318 463 1464 490 nomen
1494 450 1677 497 Quinctio

214 524 233 554 4
264 511 444 551 adiciunt.
478 510 523 549 ad
541 510 683 549 bellum
702 511 815 549 ambo
839 509 1015 561 profecti,
1034 509 1227 547 Faliscum
1246 508 1464 555 Quinctius,
1485 507 1679 559 Sulpicius

265 567 565 619 Tarquiniense,
594 579 790 619 nusquam
819 567 898 605 acie
927 577 1133 616 congresso
1162 566 1275 604 hoste
1305 578 1394 604 cum
1422 564 1521 616 agris
1558 565 1679 616 magis

265 637 379 676 quam
410 637 497 663 cum
527 624 756 663 hominibus
793 623 940 663 urendo
978 622 1279 673 populandoque
1316 625 1525 674 gesserunt
1559 621 1679 670 bella,

217 694 235 724 5
266 683 376 721 cuius
406 682 534 721 lentae
563 682 665 720 velut
697 681 793 719 tabis
824 681 931 719 senio
963 679 1058 718 victa
1088 679 1294 730 utriusque
1318 678 1529 731 pertinacia
1550 679 1682 730 populi

261 744 339 785 est,
373 744 415 777 ut
444 739 616 789 primum
646 751 665 777 a
688 738 932 783 consulibus,
964 737 1052 775 dein
1084 737 1280 787 permissu
1310 748 1447 776 eorum
1475 736 1520 774 ab
1544 741 1682 774 senatu

217 807 236 837 6
265 795 436 835 indutias
457 800 648 846 peterent.
692 795 731 833 in
753 794 1007 846 quadraginta
1029 805 1150 832 annos
1172 794 1492 844 impetraverunt.
1537 792 1588 831 ita
1609 805 1681 843 po-

265 853 339 892 sita
361 853 532 891 duorum
551 852 754 897 bellorum,
779 864 876 902 quae
895 850 1153 897 inminebant,
1177 863 1280 895 cura,
1304 851 1396 889 dum
1415 850 1541 900 aliqua
1557 848 1603 888 ab
1620 861 1683 888 ar-

266 909 341 948 mis
365 909 476 960 quies
499 914 613 953 esset,
638 909 728 959 quia
745 908 888 947 solutio
911 907 1008 947 aeris
1032 907 1144 946 alieni
1163 908 1374 947 multarum
1396 919 1529 945 rerum
1553 911 1682 946 muta-

218 977 236 1007 7
268 972 374 1005 verat
402 966 602 1013 dominos,
635 978 798 1004 censum
828 965 886 1015 agi
918 964 1071 1016 placuit.
1120 970 1295 1003 ceterum
1332 977 1420 1003 cum
1452 963 1683 1002 censoribus

267 1023 443 1063 creandis
472 1023 614 1061 indicta
644 1022 798 1061 comitia
829 1027 983 1066 essent,
1015 1021 1219 1072 professus
1249 1033 1457 1069 censuram
1485 1033 1527 1059 se
1550 1025 1685 1071 petere

267 1081 305 1120 C.
324 1080 490 1119 Marcius
514 1080 680 1125 Rutilus,
704 1080 768 1130 qui
794 1079 944 1130 primus
967 1078 1132 1117 dictator
1154 1079 1201 1117 de
1224 1078 1335 1130 plebe
1357 1079 1494 1123 fuerat,
1518 1089 1684 1116 concor-

219 1147 237 1178 8
268 1137 369 1175 diam
393 1137 577 1175 ordinum
600 1137 780 1175 turbavit.
828 1136 930 1187 quod
957 1135 1157 1174 videbatur
1178 1136 1337 1187 quidem
1360 1141 1539 1186 tempore
1561 1134 1684 1173 alieno

268 1194 421 1240 fecisse,
441 1194 530 1245 quia
548 1194 661 1232 ambo
679 1199 763 1232 tum
782 1193 883 1231 forte
901 1192 1049 1244 patricii
1069 1194 1251 1231 consules
1270 1198 1392 1238 erant,
1412 1192 1477 1244 qui
1490 1191 1684 1231 rationem

220 1264 239 1295 ¹.)
269 1251 352 1290 eius
376 1264 417 1289 se
434 1251 636 1290 habituros
660 1251 871 1301 negabant3
894 1251 961 1288 scd
986 1255 1024 1288 et
1044 1249 1128 1300 ipse
1152 1250 1369 1290 constantia
1392 1250 1592 1300 inceptum
1615 1248 1686 1287 ob-

271 1308 400 1355 tinuit,
425 1313 464 1346 et
483 1308 632 1346 tribuni
655 1308 764 1346 omni
787 1307 832 1352 vi,
855 1307 1109 1358 reciperaturi
1138 1306 1199 1345 ius
1222 1306 1496 1346 consularibus
1519 1305 1686 1345 comitiis

271 1364 474 1411 amissum,
497 1364 742 1410 adiuverunt,
766 1369 804 1403 et
821 1376 911 1403 cuin
928 1363 1050 1415 ipsius
1073 1363 1141 1402 viri
1159 1363 1342 1403 maiestas
1360 1363 1506 1402 nullius
1524 1363 1686 1402 honoris

270 1421 470 1472 fastigium
489 1433 569 1460 non
592 1421 793 1473 aequabat,
811 1426 895 1460 tum
915 1434 984 1472 per
1001 1421 1182 1467 eundem,
1203 1421 1267 1472 qui
1284 1422 1329 1459 ad
1346 1420 1575 1459 dictaturam
1593 1431 1685 1470 ape-

270 1479 415 1518 ruisset
438 1478 549 1525 viam,
573 1490 775 1518 censuram
801 1491 960 1529 quoque
982 1478 1021 1516 in
1042 1483 1193 1529 partem
1217 1478 1344 1518 vocari
1366 1478 1499 1529 plebes
1524 1476 1685 1516 volebat.

271 1643 477 1683 Einsprache
518 1641 650 1682 gethan.
685 1659 728 1664 —
767 1643 942 1683 interpos„

1016 1644 1064 1679 tu,
1095 1651 1121 1672 s.
1146 1651 1172 1672 c.
1201 1640 1255 1681 2¹),
1282 1640 1312 1671 3.
1350 1640 1417 1672 Der
1446 1639 1551 1682 h'rieg
1579 1642 1637 1674 hat
1665 1641 1684 1674 S

272 1688 441 1719 zwischen
482 1687 534 1718 die
572 1687 802 1718 ordentlichen
836 1686 943 1727 Magi-

1017 1687 1118 1718 sahi-e
1136 1687 1309 1727 gedauert,
1328 1697 1354 1717 s.
1375 1698 1402 1718 c.
1425 1686 1474 1720 12.
1490 1705 1532 1710 —-
1551 1687 1685 1719 mullar.

274 1738 392 1765 strate.
422 1751 465 1755 -—
495 1733 607 1772 obtin„
637 1744 663 1764 s.
688 1745 715 1764 c.
740 1734 790 1770 17,
822 1734 871 1765 lo.
901 1752 942 1755 —
1017 1743 1081 1764 rer.
1117 1732 1151 1763 in
1180 1732 1285 1773 Fulge
1320 1733 1380 1763 der
1410 1733 1599 1773 Abu-etung
1627 1734 1685 1765 des

272 1780 413 1816 minore,
440 1778 473 1809 iu
498 1778 606 1818 Bezug
631 1776 690 1809 auf
710 1779 772 1810 den
791 1778 944 1810 Dictator

275 1825 355 1855 oder
385 1823 438 1854 die
471 1824 505 1854 11
544 1822 738 1864 lutei-regen
768 1834 795 1855 c.
828 1824 881 1865 21,
912 1824 942 1855 2.

276 1871 342 1901 Dei·
372 1868 487 1899 Grund
516 1869 624 1901 selbst
640 1869 749 1906 hiitte,
780 1880 875 1901 wenn
907 1880 944 1901 er

277 1915 399 1955 richtig
423 1914 525 1951 ware,
556 1915 656 1946 sehon
688 1915 738 1947 bei
768 1915 841 1947 dem
860 1914 944 1947 Ver-

277 1961 376 1992 suche
395 1960 452 1998 des
477 1960 647 1992 Dictators
679 1961 843 1992 eintreten
862 1961 944 1991 ko'n-

277 2017 349 2038 nen.
381 2023 424 2027 —
454 2008 489 2036 nt
508 2024 551 2028 —-
570 2009 769 2038 crearentm‘
797 2007 844 2038 ist
872 2006 944 2038 elne

276 2050 566 2091 unbeabsichtigte
594 2051 860 2092 &Viederholung
881 2063 945 2084 von

275 2097 296 2138 ς’
325 2099 352 2136 1,
379 2096 460 2127 oder
490 2097 597 2128 einem
626 2096 769 2128 Irrthum
799 2098 857 2128 der
877 2098 945 2129 Ab·

276 2141 447 2174 schreibe'r
470 2142 742 2174 zuzuschreiben.
767 2162 807 2165 -
832 2141 946 2185 Sulpi*-

275 2190 358 2227 eius,
382 2197 409 2218 c.
433 2188 481 2226 19,
508 2188 537 2218 6.
569 2187 750 2230 (licebit-tius,
777 2200 804 2220 c.
833 2188 888 2223 1⁵3:
913 2191 943 2220 9.

280 2232 398 2265 Gaz'nm
423 2242 550 2274 nomen,
581 2243 606 2263 s.
641 2236 668 2272 ],
703 2235 729 2271 1,
769 2234 813 2265 ll.
851 2233 945 2265 Auch

276 2278 370 2309 Diod.
394 2278 443 2317 16,
469 2279 509 2308 53
536 2283 634 2309 ncnnt
659 2278 713 2309 ihn
735 2279 849 2320 Guttae,
877 2280 943 2319 vgl.

277 2323 312 2354 L.
331 2324 362 2363 S,
386 2324 435 2362 15,
454 2323 484 2354 2.
503 2341 546 2345 -
569 2323 824 2365 populandoque,
841 2334 943 2367 popu-

275 2369 341 2401 luri
369 2368 452 2399 wird
487 2367 534 2399 oft
565 2379 627 2399 von
658 2369 694 2400 L.
724 2370 858 2401 absolut
888 2380 944 2410 ge-

278 2415 427 2446 braucht.

323 2460 421 2491 5-7.
451 2460 535 2491 labis
553 2461 655 2498 senio,
681 2460 763 2492 iiber
787 2460 840 2492 die
864 2461 942 2503 dop-

278 2506 367 2548 pelte
385 2504 557 2547 Metapher
574 2516 599 2536 s.
618 2505 849 2546 Naegelsbach
867 2507 942 2539 Stil.

276 2550 296 2592 ξ
320 2551 391 2591 131,
414 2553 448 2590 1;
466 2551 534 2591 vgl.
554 2552 584 2591 5,
601 2550 655 2591 43,
676 2552 703 2583 7.
722 2569 766 2574 —
787 2552 828 2583 ab
846 2563 942 2583 sena-

1018 1778 1224 1818 vei-infigens
1244 1789 1270 1810 c.
1290 1777 1343 1815 21,
1364 1782 1401 1818 '³3
1428 1778 1521 1810 nicht
1539 1779 1615 1810 dass
1633 1779 1684 1811 die

1017 1823 1183 1855 Schuldeu
1202 1823 1288 1855 beiin
1307 1823 1433 1855 Census
1453 1834 1527 1855 vom
1549 1824 1685 1856 Vei-inii-

1016 1879 1076 1909 gen
1112 1869 1225 1900 wiiren
1259 1870 1448 1910 abgezogen
1482 1871 1630 1911 worden,
1659 1881 1685 1902 s.

1017 1915 1128 1954 Lange
1158 1916 1183 1956 1,
1209 1915 1285 1947 361.
1312 1934 1353 1937 —
1377 1925 1513 1946 censum
1528 1917 1599 1957 agi,
1622 1915 1688 1947 seit

1018 1963 1048 1999 (j,
1075 1960 1114 1992 31
1147 1970 1219 1991 zum
1249 1961 1451 1992 erstenmale
1482 1960 1609 2000 wieder
1634 1971 1687 1993 er-

1018 2006 1140 2047 wiihnt,
1171 2016 1195 2037 s.
1222 2007 1251 2043 7,
1275 2008 1324 2045 15,
1348 2006 1398 2039 12.
1427 2024 1469 2028 ——
1495 2006 1687 2048 professus,

1018 2052 1049 2083 in
1070 2052 1129 2083 der
1146 2050 1225 2083 Zeit
1242 2052 1410 2083 zwischen
1437 2052 1496 2083 der
1514 2049 1687 2084 Ankiindi-

1018 2107 1105 2138 gung
1134 2097 1194 2128 der
1217 2096 1318 2128 wahl
1348 2097 1412 2128 und
1441 2097 1553 2129 dieser
1581 2097 1688 2129 selbst

1019 2143 1164 2174 konuten
1194 2142 1246 2173 dio
1277 2142 1483 2175 Candidaten
1512 2142 1585 2174 sich
1614 2143 1687 2175 dem

1019 2187 1125 2220 Volke
1152 2188 1337 2219 vorstellen
1364 2188 1428 2219 und
1457 2188 1528 2220 ihre
1547 2188 1687 2220 Absicht

1017 2234 1089 2265 sich
1108 2244 1148 2264 zu
1165 2233 1341 2265 bewerbeu
1357 2234 1527 2276 (profiteri
1538 2244 1568 2265 11.
1582 2244 1617 2265 se
1627 2244 1686 2277 pe·

1017 2280 1109 2319 tere),
1140 2289 1165 2310 s,
1193 2278 1245 2319 26,
1268 2280 1318 2320 13,
1336 2280 1365 2319 7,
1398 2279 1483 2310 kund
1508 2279 1623 2320 geben.
1643 2298 1686 2302 —

1017 2325 1168 2363 dictator,
1185 2335 1213 2356 c.
1237 2326 1285 2357 17.

1064 2370 1183 2403 8—11.
1223 2372 1390 2402 rationem
1414 2375 1487 2412 etc.‚
1517 2380 1543 2402 s.
1573 2370 1605 2410 3,
1631 2370 1686 2410 64,

1018 2418 1054 2457 53
1078 2418 1128 2455 lo,
1152 2418 1199 2458 15,
1222 2417 1271 2447 11.
1290 2434 1334 2438 —
1349 2416 1558 2456 adiuverunt,
1578 2415 1687 2446 wahr—

1019 2461 1203 2494 scheinlich
1220 2461 1328 2493 indem
1346 2461 1396 2493 sie
1413 2461 1472 2492 mit
1482 2461 1685 2504 Einsprache

1019 2509 1160 2549 drohen,
1194 2517 1289 2538 wenn
1321 2505 1375 2538 fiir
1408 2505 1556 2539 Marcius
1589 2506 1686 2539 keiue

1018 2554 1175 2585 Stinunen
1209 2562 1444 2593 angenommen
1470 2553 1615 2586 werden.
1640 2568 1685 2575 —
