1763 2983
1485 208 1510 226 a.
1529 208 1556 227 u.
1575 200 1636 228 539.

215 200 299 242 368
663 198 788 233 LIBER
805 199 931 234 XXIII.
955 199 1047 234 CAP.
1069 202 1120 235 37.
1139 202 1194 235 38.

219 303 448 342 defectionis
468 302 595 342 securi
613 303 801 354 percussi.
837 316 954 354 supra
974 304 1149 356 quinque
1173 304 1275 343 milia
1299 304 1540 355 captivorum
1563 305 1636 344 sub

158 371 197 403 13
218 361 325 399 hasta
356 359 583 407 venierunt3
612 360 754 410 praeda
774 360 843 399 alia
867 360 974 399 militi
996 372 1196 408 concessa,
1219 361 1490 412 exercitusque
1508 361 1636 401 Luce-

219 418 314 456 riam
336 417 531 455 reductus.

140 470 197 510 38
332 473 434 512 Dum
464 473 557 511 haec
586 472 626 511 in
651 473 818 512 Lucanis
838 478 952 524 atque
967 472 1008 511 in
1029 473 1201 524 Hirpinis
1222 480 1430 524 geruntur,
1463 474 1637 525 quinque

218 542 347 576 naves,
375 541 472 580 quae
491 529 748 568 Macedonum
771 535 885 580 atque
906 529 1134 568 Poenorum
1155 535 1285 581 captos
1305 530 1448 582 legatos
1470 531 1637 569 Romam

217 586 433 638 portabant,
461 585 507 624 ab
528 598 671 637 supero
695 587 790 625 mari
805 587 851 625 ad
867 587 1037 624 inferum
1050 586 1328 626 circumvectae
1340 600 1463 638 prope
1477 599 1637 626 omnem

179 654 198 686 2
218 643 342 682 Italiae
365 655 485 689 oram,
508 655 597 681 cum
619 649 770 693 praeter
791 643 931 682 Cumas
951 643 1045 681 velis
1067 644 1275 690 ferrentur,
1302 656 1443 694 neque,
1464 644 1636 682 hostium

218 712 266 738 an
290 699 488 738 sociorum
509 705 648 746 essent,
669 700 757 738 satis
782 700 957 745 sciretur,
980 699 1177 738 Gracchus
1197 699 1350 738 obviam
1374 712 1420 739 ex
1436 700 1555 739 classe
1567 712 1637 739 sua

179 761 198 793 3
219 768 336 795 naves
360 755 472 795 misit.
504 768 594 794 cum
615 751 905 807 percunctando
920 756 1099 795 invicem
1112 756 1310 807 cognitum
1323 764 1422 795 esset
1435 757 1637 795 consulem

218 813 350 852 Cumis
383 809 488 859 esse,
518 824 635 851 naves
668 813 808 852 Cumas
829 813 1011 864 adpulsae
1036 813 1252 864 captivique
1273 813 1319 851 ad
1342 813 1543 851 consulem
1566 812 1635 851 de-

178 878 199 911 4
218 870 323 908 ducti
353 875 389 908 et
416 869 561 920 litterae
593 869 711 908 datae.
757 870 894 908 consul
921 869 1055 908 litteris
1085 869 1253 920 Philippi
1275 875 1388 920 atque
1409 869 1634 908 Hannibalis

217 926 393 977 perlectis
418 926 639 977 consignata
661 926 790 965 omnia
807 926 853 965 ad
877 931 1055 965 senatum
1077 925 1213 964 itinere
1234 926 1405 965 terrestri
1426 926 1540 973 misit,
1563 938 1636 964 na-

178 996 197 1027 5
218 982 329 1021 vibus
350 983 487 1022 devehi
510 983 653 1033 legatos
672 983 795 1022 iussit.
827 995 917 1021 cum
940 983 1077 1020 eodem
1098 983 1178 1020 fere
1201 983 1261 1021 die
1281 983 1426 1021 litterae
1445 982 1636 1033 legatique

215 1040 378 1079 Romam
396 1040 603 1085 venissent,
622 1044 658 1077 et
679 1039 996 1089 percunctatione
1009 1040 1107 1076 facta
1128 1039 1226 1077 dicta
1247 1051 1338 1077 cum
1360 1039 1511 1090 scriptis
1537 1051 1635 1077 cou-

217 1102 411 1147 gruerent,
426 1096 553 1146 primo
577 1095 702 1146 gravis
724 1107 816 1133 cura
839 1101 966 1146 patres
981 1095 1149 1141 incessit,
1173 1100 1386 1142 cernentes,
1410 1101 1552 1146 quanta
1572 1095 1637 1133 vix

178 1167 197 1199 6
217 1152 466 1191 tolerantibus
487 1152 681 1190 Punicum
702 1151 847 1190 bellum
862 1151 1099 1191 Macedonici
1118 1151 1206 1190 belli
1227 1152 1348 1190 moles
1370 1152 1551 1198 instaret,
1575 1151 1638 1190 cui

218 1217 345 1263 tamen
366 1209 461 1247 adeo
483 1221 564 1247 nou
587 1208 891 1255 succubuerunt,
930 1214 972 1247 ut
993 1208 1186 1259 extemplo
1208 1208 1425 1259 agitaretur,
1451 1220 1569 1259 quem
1589 1207 1636 1246 ad

179 1276 196 1307 7
217 1265 380 1304 modum
402 1266 502 1304 ultro
524 1265 729 1304 inferendo
750 1264 849 1304 bello
873 1271 1089 1304 averterent
1109 1265 1155 1303 ab
1168 1265 1271 1304 Italia
1282 1265 1447 1304 hostem.
1478 1264 1636 1315 captivis

215 1323 255 1360 ln
285 1323 436 1361 vincula
467 1322 581 1360 condi
610 1322 724 1361 iussis
756 1322 1041 1372 comitibusque
1071 1334 1209 1360 eorum
1240 1321 1313 1360 sub
1339 1322 1446 1360 hasta
1471 1321 1636 1360 venditis

217 1379 264 1417 ad
295 1391 412 1418 naves
444 1378 578 1430 viginti
602 1379 787 1429 quinque,
820 1379 962 1430 quibus
982 1379 1024 1416 P.
1045 1378 1217 1417 Valerius
1238 1379 1397 1417 Flaccus
1417 1380 1636 1429 praefectus

178 1449 197 1481 S
216 1441 402 1486 praeerat,
427 1436 561 1487 viginti
592 1435 764 1489 quinque
793 1436 920 1486 parari
950 1435 1039 1474 alias
1062 1435 1288 1474 decernunt.
1337 1435 1396 1474 his
1420 1435 1635 1486 conparatis

217 1492 470 1543 deductisque
491 1499 527 1531 et
545 1492 682 1531 additis
703 1492 877 1543 quinque
899 1492 1075 1539 navibus,
1103 1504 1200 1543 quae
1214 1492 1449 1531 advexerant
1464 1491 1636 1542 captivos

178 1562 196 1593 9
218 1550 382 1600 legatos,
411 1549 566 1600 triginta
597 1562 715 1587 naves
747 1549 792 1587 ab
824 1549 927 1587 Ostia
946 1549 1158 1587 Tarentum
1180 1551 1387 1599 profectae,
1426 1549 1636 1597 iussusque

216 1606 256 1644 P.
280 1605 451 1645 Valerius
475 1605 659 1644 militibus
682 1605 941 1652 Varronianis,
965 1605 1107 1656 quibus
1122 1605 1164 1643 L.
1184 1605 1370 1655 Apustius
1389 1605 1534 1655 legatus
1557 1604 1634 1642 Ta-

216 1762 333 1793 St‘zidte
358 1761 430 1793 sind
455 1766 546 1794 sonst
563 1761 654 1793 nicht
673 1762 829 1794 bekannt.
845 1780 890 1784 —

215 1810 272 1840 sub
297 1810 327 1839 Ιι.
351 1819 391 1847 v„
419 1818 443 1839 s.
471 1818 496 1839 c.
524 1809 576 1845 32,
607 1810 665 1848 15;
695 1811 725 1846 5,
755 1809 809 1848 22,
839 1810 866 1841 1.

264 1850 440 1889 38—39.
498 1853 785 1895 Vorbereitungen
818 1864 890 1885 zum

217 1898 339 1940 Hriege
363 1898 422 1930 mit
446 1898 625 1942 Philippus,
653 1899 732 1931 Zon.
763 1901 794 1939 9,
825 1901 854 1932 3.

263 1946 362 1978 2—4.
379 1946 535 1987 ferrent„
561 1947 614 1987 29,
640 1947 703 1985 27,
737 1947 794 1985 10,
824 1945 890 1986 vgl.

217 1992 249 2031 6,
276 1992 329 2032 30,
359 1992 389 2023 4.
406 2009 448 2014 -
465 1993 629 2031 sociorum,
655 1990 747 2022 nicht
771 1991 890 2031 gerade

218 2036 522 2078 Bundesgenossen,
561 2036 701 2067 sondern
734 2035 891 2067 befreun-

218 2082 291 2113 dete
309 2081 462 2112 Staateu:
482 2081 521 2112 ob
541 2092 605 2112 von
618 2080 791 2113 Freunden
813 2081 892 2112 oder

217 2126 371 2158 Feinden.
395 2145 435 2150 —
456 2138 492 2158 ex
515 2130 620 2165 classe,
646 2126 735 2158 diese
753 2126 796 2158 ist
812 2137 890 2157 vor—

216 2173 277 2204 her
287 2172 378 2203 nicht
388 2172 558 2214 erw'ahnt3
574 2171 742 2204 Gracchus
752 2172 811 2203 hat
821 2171 891 2203 also

217 2218 302 2249 auch
327 2217 379 2249 die
405 2216 555 2258 Ausgabe
581 2217 631 2249 die
649 2217 808 2249 Seekiiste
826 2228 890 2248 von

218 2262 413 2306 Campanien
439 2274 479 2294 zu
505 2263 638 2303 decken,
672 2274 698 2297 s.
725 2273 751 2294 c.
777 2264 830 2303 35,
862 2265 890 2296 5.

218 2330 261 2335 —-
279 2315 441 2349 percuuet.
469 2312 503 2341 in
528 2320 567 2349 v.,
602 2309 705 2340 durch
729 2309 890 2340 wechsel-

217 2354 352 2396 seitiges
376 2353 517 2395 Fragen,
546 2357 576 2397 9,
602 2355 655 2392 43,
684 2356 744 2395 17·⁷
769 2354 835 2395 vgl.
862 2364 892 2390 c,

222 2402 278 2440 17,
324 2402 373 2434 10.
403 2418 445 2422 —
478 2402 585 2441 datae,
626 2400 716 2431 nicht
739 2402 889 2440 redditae,

218 2445 296 2477 weil
328 2445 379 2477 die
406 2444 513 2478 Briefe
538 2445 628 2477 nicht
655 2456 696 2477 an
723 2444 890 2477 Gracchus

217 2491 382 2532 gerichtet
401 2491 490 2523 sind:
517 2491 568 2523 die
582 2490 833 2523 Briefschaften.
849 2510 890 2514 —

216 2539 311 2577 Phil„
345 2547 419 2568 man
445 2541 606 2569 erwartet
630 2548 691 2569 nur
715 2537 774 2569 den
804 2535 895 2568 Brief

217 2581 294 2620 H.'s‚
320 2593 344 2613 s.
373 2584 426 2622 34,
451 2584 480 2615 7.

266 2629 362 2661 5—8.
384 2630 660 2671 percunctatione,
692 2627 735 2659 im
759 2627 888 2660 Senate.

959 1779 1002 1784 —
1014 1765 1134 1803 primo,
1160 1766 1244 1793 statt
1267 1764 1378 1794 deinde
1391 1759 1477 1802 folgt
1493 1760 1527 1792 in
1543 1760 1636 1792 einer

959 1808 1101 1840 anderen
1135 1807 1329 1848 Wendung:
1369 1810 1422 1839 cui
1452 1813 1564 1839 tamen.
1589 1824 1635 1829 —

958 1865 1079 1894 eurap.
1100 1856 1171 1893 ium,
1198 1854 1251 1892 22,
1281 1855 1331 1891 12,
1357 1855 1386 1886 5.
1408 1870 1451 1875 -
1468 1855 1562 1893 ultro,
1578 1853 1634 1890 21,

963 1901 990 1937 1,
1012 1901 1041 1932 3.
1060 1917 1102 1922 —-
1121 1903 1155 1931 m
1174 1902 1266 1937 vine„
1285 1899 1318 1930 in
1335 1897 1422 1938 Haft,
1442 1897 1476 1929 in
1493 1898 1551 1929 das
1566 1896 1633 1929 Ge-

959 1943 1120 1986 ffingniss,
1140 1944 1206 1985 vgl.
1227 1946 1279 1985 38,
1302 1947 1355 1984 60,
1379 1945 1398 1976 6
1428 1954 1458 1974 u.
1484 1953 1512 1974 a.
1562 1954 1635 1974 eon-

959 1992 994 2022 da·
1020 2001 1084 2021 von
1102 1989 1236 2021 Fesseln
1264 1990 1329 2021 und
1351 1987 1549 2029 Gestingniss
1574 1998 1633 2029 ge-

959 2035 1112 2075 braucht,
1138 2046 1162 2066 s.
1181 2036 1235 2071 26,
1263 2036 1316 2075 34,
1343 2037 1383 2074 43
1412 2033 1454 2065 ib.
1476 2035 1526 2073 16,
1545 2036 1582 2066 6:
1600 2036 1635 2065 in

959 2092 1110 2112 carcerem
1150 2083 1277 2113 conditi.
1341 2080 1401 2112 Die
1445 2078 1634 2111 Gesandten

959 2125 1297 2158 feindlicherMiichte
1315 2136 1356 2157 an
1373 2125 1531 2157 einander
1543 2134 1632 2156 wer-

961 2172 1022 2203 deu
1061 2172 1151 2203 nicht
1187 2172 1288 2203 durch
1319 2172 1377 2203 das
1411 2170 1635 2204 Vo'lkerrecht

959 2218 1149 2258 geschiitzt,
1183 2218 1323 2249 sondern
1357 2217 1405 2248 als
1444 2214 1653 2257 Gefaugene¹

962 2263 1147 2295 behandelt.
1180 2281 1222 2288 —-
1247 2265 1386 2305 viuqintz'
1413 2273 1442 2303 q.
1468 2263 1570 2303 quib„
1596 2271 1632 2292 so

961 2308 1157 2351 viele⁴hatte
1172 2309 1255 2340 nach
1273 2319 1300 2340 e.
1318 2310 1372 2350 32,
1394 2309 1432 2341 17
1452 2307 1503 2338 die
1520 2305 1632 2339 Flotte

961 2354 1017 2386 des
1042 2354 1076 2386 P.
1102 2354 1268 2396 Valerius,
1294 2365 1319 2386 s.
1345 2364 1385 2385 zu
1409 2354 1429 2392 ἓ
1456 2355 1498 2386 9:
1523 2354 1631 2393 quinq.

959 2412 988 2442 q.
1022 2419 1064 2422 --
1097 2403 1157 2442 viq.
1199 2403 1338 2441 quinque
1379 2402 1438 2440 aL,
1480 2397 1531 2429 die
1564 2396 1632 2429 Zu-

959 2450 1097 2487 setzung
1137 2456 1201 2477 von
1240 2448 1378 2487 quinque
1412 2443 1497 2475 wird
1530 2442 1633 2474 durch

960 2492 1017 2523 das
1043 2490 1119 2532 folg.
1151 2494 1283 2533 trv'qz'nta
1307 2489 1483 2532 gefordert.

1005 2539 1126 2570 9—12.
1157 2539 1294 2570 Varron.
1324 2547 1348 2567 S.
1374 2546 1399 2567 c.
1426 2537 1480 2574 32,
1509 2535 1560 2568 16.
1587 2552 1631 2556 —

959 2584 1128 2623 Apustius,
1155 2593 1219 2613 von
1245 2582 1365 2613 diesem
1393 2582 1452 2612 hat
1470 2580 1505 2612 L.
1531 2580 1631 2611 eben-

960 2628 1108 2669 sowenig
1126 2628 1248 2661 vorher
1264 2632 1369 2660 etwas
1386 2625 1561 2668 berichtet,
1582 2624 1633 2657 als
