<?xml version="1.0" encoding="UTF-8"?>
<!DOCTYPE html PUBLIC "-//W3C//DTD XHTML 1.0 Transitional//EN"
    "http://www.w3.org/TR/xhtml1/DTD/xhtml1-transitional.dtd">
<html xmlns="http://www.w3.org/1999/xhtml" xml:lang="en" lang="en">
 <head>
  <title>
</title>
<meta http-equiv="Content-Type" content="text/html;charset=utf-8" />
  <meta name='ocr-system' content='tesseract 3.04.00' />
  <meta name='ocr-capabilities' content='ocr_page ocr_carea ocr_par ocr_line ocrx_word'/>
</head>
<body>
  <div class='ocr_page' id='page_1' title='image "./aburbeconditalib0304livyuoft_0887.png"; bbox 0 0 1763 2983; ppageno 0'>
   <div class='ocr_carea' id='block_1_1' title="bbox 85 141 1500 183">
    <p class='ocr_par' dir='ltr' id='par_1_1' title="bbox 85 141 1500 183">
     <span class='ocr_line' id='line_1_1' title="bbox 85 141 1500 183; baseline 0.009 -13"><span class='ocrx_word' id='word_1_1' title='bbox 85 152 116 170; x_wconf 52' lang='grc' dir='ltr'>ὅ.</span> <span class='ocrx_word' id='word_1_2' title='bbox 136 143 186 170; x_wconf 68' lang='lat' dir='ltr'>ch.</span> <span class='ocrx_word' id='word_1_3' title='bbox 205 142 266 169; x_wconf 83' lang='lat'>215.</span> <span class='ocrx_word' id='word_1_4' title='bbox 562 142 687 176; x_wconf 79' lang='lat' dir='ltr'>LmER</span> <span class='ocrx_word' id='word_1_5' title='bbox 711 142 834 176; x_wconf 78' lang='grc' dir='ltr'>ΧΧΠΙ.</span> <span class='ocrx_word' id='word_1_6' title='bbox 867 142 959 175; x_wconf 83' lang='lat' dir='ltr'>CAP.</span> <span class='ocrx_word' id='word_1_7' title='bbox 986 144 1037 177; x_wconf 85' lang='lat'>32.</span> <span class='ocrx_word' id='word_1_8' title='bbox 1419 141 1500 183; x_wconf 83' lang='lat'>357</span> 
     </span>
    </p>
   </div>
   <div class='ocr_carea' id='block_1_2' title="bbox 89 245 1566 1256">
    <p class='ocr_par' dir='ltr' id='par_1_2' title="bbox 89 245 1564 411">
     <span class='ocr_line' id='line_1_2' title="bbox 89 245 1564 297; baseline -0.002 -10"><span class='ocrx_word' id='word_1_9' title='bbox 89 260 183 287; x_wconf 87' lang='lat' dir='ltr'>cum</span> <span class='ocrx_word' id='word_1_10' title='bbox 219 247 337 286; x_wconf 88' lang='lat' dir='ltr'>classe</span> <span class='ocrx_word' id='word_1_11' title='bbox 367 259 435 286; x_wconf 89' lang='lat' dir='ltr'>sua</span> <span class='ocrx_word' id='word_1_12' title='bbox 457 245 655 297; x_wconf 86' lang='lat' dir='ltr'>copiisque</span> <span class='ocrx_word' id='word_1_13' title='bbox 684 245 724 284; x_wconf 90' lang='lat' dir='ltr'>in</span> <span class='ocrx_word' id='word_1_14' title='bbox 754 246 980 297; x_wconf 80' lang='lat' dir='ltr'>Hispaniam</span> <span class='ocrx_word' id='word_1_15' title='bbox 1010 247 1185 292; x_wconf 88' lang='lat' dir='ltr'>mittunt,</span> <span class='ocrx_word' id='word_1_16' title='bbox 1216 246 1256 284; x_wconf 92' lang='lat' dir='ltr'>in</span> <span class='ocrx_word' id='word_1_17' title='bbox 1286 245 1502 285; x_wconf 81' lang='lat' dir='ltr'>Sardiniam</span> <span class='ocrx_word' id='word_1_18' title='bbox 1525 247 1564 279; x_wconf 83' lang='grc'>12</span> 
     </span>
     <span class='ocr_line' id='line_1_3' title="bbox 92 302 1502 353; baseline -0.002 -10"><span class='ocrx_word' id='word_1_19' title='bbox 92 303 373 343; x_wconf 80' lang='lat' dir='ltr'>Hasdrubalem</span> <span class='ocrx_word' id='word_1_20' title='bbox 403 303 574 353; x_wconf 83' lang='lat' dir='ltr'>deligunt</span> <span class='ocrx_word' id='word_1_21' title='bbox 592 302 731 341; x_wconf 87' lang='lat' dir='ltr'>ducem</span> <span class='ocrx_word' id='word_1_22' title='bbox 770 309 807 342; x_wconf 88' lang='lat' dir='ltr'>et</span> <span class='ocrx_word' id='word_1_23' title='bbox 825 309 975 342; x_wconf 85' lang='lat' dir='ltr'>tantum</span> <span class='ocrx_word' id='word_1_24' title='bbox 1009 305 1131 342; x_wconf 87' lang='lat' dir='ltr'>ferme</span> <span class='ocrx_word' id='word_1_25' title='bbox 1153 303 1352 353; x_wconf 89' lang='lat' dir='ltr'>copiarum</span> <span class='ocrx_word' id='word_1_26' title='bbox 1376 314 1502 353; x_wconf 87' lang='lat' dir='ltr'>quan-</span> 
     </span>
     <span class='ocr_line' id='line_1_4' title="bbox 92 359 596 411; baseline -0.006 -11"><span class='ocrx_word' id='word_1_27' title='bbox 92 367 176 400; x_wconf 88' lang='lat' dir='ltr'>tum</span> <span class='ocrx_word' id='word_1_28' title='bbox 198 360 350 411; x_wconf 83' lang='lat' dir='ltr'>Magoni</span> <span class='ocrx_word' id='word_1_29' title='bbox 371 359 596 398; x_wconf 82' lang='lat' dir='ltr'>decernunt.</span> 
     </span>
    </p>

    <p class='ocr_par' dir='ltr' id='par_1_3' title="bbox 90 413 1566 1256">
     <span class='ocr_line' id='line_1_5' title="bbox 203 413 1563 466; baseline -0.001 -11"><span class='ocrx_word' id='word_1_30' title='bbox 203 417 251 455; x_wconf 92' lang='lat' dir='ltr'>Et</span> <span class='ocrx_word' id='word_1_31' title='bbox 268 417 413 455; x_wconf 88' lang='lat' dir='ltr'>Romae</span> <span class='ocrx_word' id='word_1_32' title='bbox 446 416 625 454; x_wconf 90' lang='lat' dir='ltr'>consules</span> <span class='ocrx_word' id='word_1_33' title='bbox 646 415 845 454; x_wconf 78' lang='lat' dir='ltr'>transactis</span> <span class='ocrx_word' id='word_1_34' title='bbox 868 415 1007 462; x_wconf 82' lang='lat' dir='ltr'>rebus,</span> <span class='ocrx_word' id='word_1_35' title='bbox 1039 428 1136 466; x_wconf 84' lang='lat' dir='ltr'>qnae</span> <span class='ocrx_word' id='word_1_36' title='bbox 1156 416 1195 456; x_wconf 90' lang='lat' dir='ltr'>in</span> <span class='ocrx_word' id='word_1_37' title='bbox 1219 415 1314 454; x_wconf 89' lang='lat' dir='ltr'>urbe</span> <span class='ocrx_word' id='word_1_38' title='bbox 1335 415 1501 466; x_wconf 78' lang='lat' dir='ltr'>agendae</span> <span class='ocrx_word' id='word_1_39' title='bbox 1525 413 1563 445; x_wconf 81' lang='lat'>13</span> 
     </span>
     <span class='ocr_line' id='line_1_6' title="bbox 93 471 1564 523; baseline -0.001 -11"><span class='ocrx_word' id='word_1_40' title='bbox 93 479 221 520; x_wconf 87' lang='lat' dir='ltr'>erant,</span> <span class='ocrx_word' id='word_1_41' title='bbox 253 472 459 511; x_wconf 90' lang='lat' dir='ltr'>movebant</span> <span class='ocrx_word' id='word_1_42' title='bbox 484 472 558 510; x_wconf 88' lang='lat' dir='ltr'>iam</span> <span class='ocrx_word' id='word_1_43' title='bbox 581 484 663 510; x_wconf 86' lang='lat' dir='ltr'>sese</span> <span class='ocrx_word' id='word_1_44' title='bbox 685 472 731 510; x_wconf 90' lang='lat' dir='ltr'>ad</span> <span class='ocrx_word' id='word_1_45' title='bbox 753 472 910 510; x_wconf 87' lang='lat' dir='ltr'>bellum.</span> <span class='ocrx_word' id='word_1_46' title='bbox 962 473 1018 511; x_wconf 91' lang='lat' dir='ltr'>Ti.</span> <span class='ocrx_word' id='word_1_47' title='bbox 1042 472 1297 523; x_wconf 83' lang='lat' dir='ltr'>Sempronius</span> <span class='ocrx_word' id='word_1_48' title='bbox 1319 471 1501 510; x_wconf 83' lang='lat' dir='ltr'>militibus</span> <span class='ocrx_word' id='word_1_49' title='bbox 1525 471 1564 502; x_wconf 82' lang='lat'>14</span> 
     </span>
     <span class='ocr_line' id='line_1_7' title="bbox 90 528 1501 576; baseline -0.001 -8"><span class='ocrx_word' id='word_1_50' title='bbox 90 530 315 569; x_wconf 83' lang='lat' dir='ltr'>Sinuessam</span> <span class='ocrx_word' id='word_1_51' title='bbox 344 529 445 567; x_wconf 86' lang='lat' dir='ltr'>diem</span> <span class='ocrx_word' id='word_1_52' title='bbox 466 529 512 567; x_wconf 90' lang='lat' dir='ltr'>ad</span> <span class='ocrx_word' id='word_1_53' title='bbox 538 529 848 567; x_wconf 87' lang='lat' dir='ltr'>conveniendum</span> <span class='ocrx_word' id='word_1_54' title='bbox 873 528 1009 576; x_wconf 80' lang='lat' dir='ltr'>edixit,</span> <span class='ocrx_word' id='word_1_55' title='bbox 1041 535 1077 567; x_wconf 89' lang='lat' dir='ltr'>et</span> <span class='ocrx_word' id='word_1_56' title='bbox 1099 529 1142 576; x_wconf 84' lang='lat' dir='ltr'>Q.</span> <span class='ocrx_word' id='word_1_57' title='bbox 1164 528 1303 567; x_wconf 86' lang='lat' dir='ltr'>Fabius</span> <span class='ocrx_word' id='word_1_58' title='bbox 1325 529 1501 567; x_wconf 88' lang='lat' dir='ltr'>consulto</span> 
     </span>
     <span class='ocr_line' id='line_1_8' title="bbox 92 585 1502 636; baseline -0.001 -12"><span class='ocrx_word' id='word_1_59' title='bbox 92 587 200 636; x_wconf 87' lang='lat' dir='ltr'>prius</span> <span class='ocrx_word' id='word_1_60' title='bbox 223 591 368 632; x_wconf 87' lang='lat' dir='ltr'>senatu,</span> <span class='ocrx_word' id='word_1_61' title='bbox 394 590 436 624; x_wconf 88' lang='lat' dir='ltr'>ut</span> <span class='ocrx_word' id='word_1_62' title='bbox 456 586 650 624; x_wconf 87' lang='lat' dir='ltr'>frumenta</span> <span class='ocrx_word' id='word_1_63' title='bbox 672 597 807 623; x_wconf 89' lang='lat' dir='ltr'>omnes</span> <span class='ocrx_word' id='word_1_64' title='bbox 829 597 874 623; x_wconf 82' lang='lat' dir='ltr'>ex</span> <span class='ocrx_word' id='word_1_65' title='bbox 895 586 994 636; x_wconf 73' lang='lat' dir='ltr'>agris</span> <span class='ocrx_word' id='word_1_66' title='bbox 1016 591 1101 623; x_wconf 87' lang='lat' dir='ltr'>ante</span> <span class='ocrx_word' id='word_1_67' title='bbox 1117 585 1187 623; x_wconf 85' lang='lat' dir='ltr'>kal.</span> <span class='ocrx_word' id='word_1_68' title='bbox 1218 585 1346 624; x_wconf 88' lang='lat' dir='ltr'>Iunias</span> <span class='ocrx_word' id='word_1_69' title='bbox 1359 585 1502 635; x_wconf 86' lang='lat' dir='ltr'>primas</span> 
     </span>
     <span class='ocr_line' id='line_1_9' title="bbox 91 637 1563 692; baseline -0.001 -12"><span class='ocrx_word' id='word_1_70' title='bbox 91 643 132 680; x_wconf 92' lang='lat' dir='ltr'>in</span> <span class='ocrx_word' id='word_1_71' title='bbox 155 641 271 681; x_wconf 89' lang='lat' dir='ltr'>urbes</span> <span class='ocrx_word' id='word_1_72' title='bbox 295 642 461 680; x_wconf 84' lang='lat' dir='ltr'>munitas</span> <span class='ocrx_word' id='word_1_73' title='bbox 485 642 764 689; x_wconf 65' lang='lat' dir='ltr'>conveherent,</span> <span class='ocrx_word' id='word_1_74' title='bbox 786 642 853 692; x_wconf 88' lang='lat' dir='ltr'>qui</span> <span class='ocrx_word' id='word_1_75' title='bbox 875 654 955 679; x_wconf 93' lang='lat' dir='ltr'>non</span> <span class='ocrx_word' id='word_1_76' title='bbox 972 642 1192 687; x_wconf 85' lang='lat' dir='ltr'>invexisset,</span> <span class='ocrx_word' id='word_1_77' title='bbox 1218 642 1299 680; x_wconf 88' lang='lat' dir='ltr'>eius</span> <span class='ocrx_word' id='word_1_78' title='bbox 1314 654 1353 679; x_wconf 84' lang='lat' dir='ltr'>se</span> <span class='ocrx_word' id='word_1_79' title='bbox 1366 653 1501 692; x_wconf 79' lang='lat' dir='ltr'>agrum</span> <span class='ocrx_word' id='word_1_80' title='bbox 1526 637 1563 668; x_wconf 82' lang='lat'>15</span> 
     </span>
     <span class='ocr_line' id='line_1_10' title="bbox 94 698 1502 749; baseline 0 -14"><span class='ocrx_word' id='word_1_81' title='bbox 94 699 384 749; x_wconf 85' lang='lat' dir='ltr'>populaturum,</span> <span class='ocrx_word' id='word_1_82' title='bbox 416 710 549 736; x_wconf 88' lang='lat' dir='ltr'>servos</span> <span class='ocrx_word' id='word_1_83' title='bbox 581 698 652 736; x_wconf 88' lang='lat' dir='ltr'>sub</span> <span class='ocrx_word' id='word_1_84' title='bbox 684 698 789 736; x_wconf 87' lang='lat' dir='ltr'>hasta</span> <span class='ocrx_word' id='word_1_85' title='bbox 818 698 1078 745; x_wconf 84' lang='lat' dir='ltr'>venditurum,</span> <span class='ocrx_word' id='word_1_86' title='bbox 1106 698 1210 736; x_wconf 80' lang='lat' dir='ltr'>villas</span> <span class='ocrx_word' id='word_1_87' title='bbox 1236 699 1502 736; x_wconf 88' lang='lat' dir='ltr'>incensurum.</span> 
     </span>
     <span class='ocr_line' id='line_1_11' title="bbox 94 754 1500 806; baseline -0.001 -13"><span class='ocrx_word' id='word_1_88' title='bbox 94 767 143 793; x_wconf 87' lang='lat' dir='ltr'>ne</span> <span class='ocrx_word' id='word_1_89' title='bbox 163 754 406 806; x_wconf 86' lang='lat' dir='ltr'>praetoribus</span> <span class='ocrx_word' id='word_1_90' title='bbox 428 755 597 804; x_wconf 83' lang='lat' dir='ltr'>quidem,</span> <span class='ocrx_word' id='word_1_91' title='bbox 618 754 684 804; x_wconf 85' lang='lat' dir='ltr'>qui</span> <span class='ocrx_word' id='word_1_92' title='bbox 706 755 751 792; x_wconf 89' lang='lat' dir='ltr'>ad</span> <span class='ocrx_word' id='word_1_93' title='bbox 772 755 831 792; x_wconf 90' lang='grc'>1115</span> <span class='ocrx_word' id='word_1_94' title='bbox 852 754 1061 792; x_wconf 84' lang='lat' dir='ltr'>dicendum</span> <span class='ocrx_word' id='word_1_95' title='bbox 1085 754 1198 792; x_wconf 88' lang='lat' dir='ltr'>creati</span> <span class='ocrx_word' id='word_1_96' title='bbox 1216 760 1333 801; x_wconf 87' lang='lat' dir='ltr'>erant,</span> <span class='ocrx_word' id='word_1_97' title='bbox 1358 755 1500 792; x_wconf 82' lang='lat' dir='ltr'>vacatio</span> 
     </span>
     <span class='ocr_line' id='line_1_12' title="bbox 94 810 1565 861; baseline -0.001 -11"><span class='ocrx_word' id='word_1_98' title='bbox 94 824 114 849; x_wconf 87' lang='lat' dir='ltr'>a</span> <span class='ocrx_word' id='word_1_99' title='bbox 137 811 223 850; x_wconf 91' lang='lat' dir='ltr'>belli</span> <span class='ocrx_word' id='word_1_100' title='bbox 244 811 570 849; x_wconf 76' lang='lat' dir='ltr'>administratione</span> <span class='ocrx_word' id='word_1_101' title='bbox 593 810 676 848; x_wconf 82' lang='lat' dir='ltr'>(lata</span> <span class='ocrx_word' id='word_1_102' title='bbox 700 816 765 848; x_wconf 89' lang='lat' dir='ltr'>est.</span> <span class='ocrx_word' id='word_1_103' title='bbox 809 810 1001 848; x_wconf 79' lang='lat' dir='ltr'>Valerium</span> <span class='ocrx_word' id='word_1_104' title='bbox 1022 816 1241 860; x_wconf 85' lang='lat' dir='ltr'>praetorem</span> <span class='ocrx_word' id='word_1_105' title='bbox 1262 811 1301 848; x_wconf 91' lang='lat' dir='ltr'>in</span> <span class='ocrx_word' id='word_1_106' title='bbox 1325 811 1503 861; x_wconf 83' lang='lat' dir='ltr'>Apuliam</span> <span class='ocrx_word' id='word_1_107' title='bbox 1526 814 1565 845; x_wconf 82' lang='grc'>16</span> 
     </span>
     <span class='ocr_line' id='line_1_13' title="bbox 90 867 1503 918; baseline -0.001 -12"><span class='ocrx_word' id='word_1_108' title='bbox 90 868 147 906; x_wconf 89' lang='lat' dir='ltr'>ire</span> <span class='ocrx_word' id='word_1_109' title='bbox 178 867 318 918; x_wconf 76' lang='lat' dir='ltr'>placuit</span> <span class='ocrx_word' id='word_1_110' title='bbox 337 867 382 904; x_wconf 88' lang='lat' dir='ltr'>ad</span> <span class='ocrx_word' id='word_1_111' title='bbox 405 867 617 905; x_wconf 88' lang='lat' dir='ltr'>exercitum</span> <span class='ocrx_word' id='word_1_112' title='bbox 637 879 657 904; x_wconf 85' lang='lat' dir='ltr'>a</span> <span class='ocrx_word' id='word_1_113' title='bbox 680 867 861 905; x_wconf 88' lang='lat' dir='ltr'>Terentio</span> <span class='ocrx_word' id='word_1_114' title='bbox 884 867 1172 917; x_wconf 66' lang='lat' dir='ltr'>accipiendum,</span> <span class='ocrx_word' id='word_1_115' title='bbox 1204 879 1293 905; x_wconf 86' lang='lat' dir='ltr'>cuin</span> <span class='ocrx_word' id='word_1_116' title='bbox 1311 879 1356 904; x_wconf 84' lang='lat' dir='ltr'>ex</span> <span class='ocrx_word' id='word_1_117' title='bbox 1379 867 1503 905; x_wconf 76' lang='lat' dir='ltr'>Sicilia</span> 
     </span>
     <span class='ocr_line' id='line_1_14' title="bbox 91 923 1512 974; baseline -0.001 -12"><span class='ocrx_word' id='word_1_118' title='bbox 91 923 261 974; x_wconf 80' lang='lat' dir='ltr'>legiones</span> <span class='ocrx_word' id='word_1_119' title='bbox 292 923 509 969; x_wconf 88' lang='lat' dir='ltr'>venissent,</span> <span class='ocrx_word' id='word_1_120' title='bbox 538 923 584 961; x_wconf 84' lang='lat' dir='ltr'>iis</span> <span class='ocrx_word' id='word_1_121' title='bbox 613 923 858 973; x_wconf 83' lang='lat' dir='ltr'>potissimum</span> <span class='ocrx_word' id='word_1_122' title='bbox 890 924 943 962; x_wconf 85' lang='lat' dir='ltr'>uti</span> <span class='ocrx_word' id='word_1_123' title='bbox 974 923 1019 961; x_wconf 88' lang='lat' dir='ltr'>ad</span> <span class='ocrx_word' id='word_1_124' title='bbox 1051 923 1219 974; x_wconf 76' lang='lat' dir='ltr'>regionis</span> <span class='ocrx_word' id='word_1_125' title='bbox 1250 923 1330 961; x_wconf 91' lang='lat' dir='ltr'>eius</span> <span class='ocrx_word' id='word_1_126' title='bbox 1354 923 1512 973; x_wconf 71' lang='lat' dir='ltr'>praesi--</span> 
     </span>
     <span class='ocr_line' id='line_1_15' title="bbox 92 978 1564 1030; baseline 0 -12"><span class='ocrx_word' id='word_1_127' title='bbox 92 980 222 1026; x_wconf 80' lang='lat' dir='ltr'>dium,</span> <span class='ocrx_word' id='word_1_128' title='bbox 252 979 527 1018; x_wconf 80' lang='lat' dir='ltr'>Terentianum</span> <span class='ocrx_word' id='word_1_129' title='bbox 554 978 773 1018; x_wconf 68' lang='lat' dir='ltr'>Tarentum</span> <span class='ocrx_word' id='word_1_130' title='bbox 803 980 899 1018; x_wconf 88' lang='lat' dir='ltr'>mitti</span> <span class='ocrx_word' id='word_1_131' title='bbox 931 992 1019 1017; x_wconf 89' lang='lat' dir='ltr'>cum</span> <span class='ocrx_word' id='word_1_132' title='bbox 1051 980 1177 1030; x_wconf 86' lang='lat' dir='ltr'>aliquo</span> <span class='ocrx_word' id='word_1_133' title='bbox 1198 980 1424 1030; x_wconf 80' lang='lat' dir='ltr'>legatorum.</span> <span class='ocrx_word' id='word_1_134' title='bbox 1470 986 1503 1018; x_wconf 81' lang='lat' dir='ltr'>et</span> <span class='ocrx_word' id='word_1_135' title='bbox 1526 986 1564 1017; x_wconf 83' lang='lat'>17</span> 
     </span>
     <span class='ocr_line' id='line_1_16' title="bbox 92 1035 1502 1087; baseline 0.001 -14"><span class='ocrx_word' id='word_1_136' title='bbox 92 1036 226 1087; x_wconf 80' lang='lat' dir='ltr'>viginti</span> <span class='ocrx_word' id='word_1_137' title='bbox 251 1036 423 1086; x_wconf 85' lang='lat' dir='ltr'>quinque</span> <span class='ocrx_word' id='word_1_138' title='bbox 443 1048 559 1073; x_wconf 81' lang='lat' dir='ltr'>naves</span> <span class='ocrx_word' id='word_1_139' title='bbox 581 1036 698 1082; x_wconf 82' lang='lat' dir='ltr'>datae,</span> <span class='ocrx_word' id='word_1_140' title='bbox 723 1035 863 1085; x_wconf 83' lang='lat' dir='ltr'>quibus</span> <span class='ocrx_word' id='word_1_141' title='bbox 886 1048 993 1074; x_wconf 88' lang='lat' dir='ltr'>oram</span> <span class='ocrx_word' id='word_1_142' title='bbox 1011 1036 1242 1074; x_wconf 79' lang='lat' dir='ltr'>maritimam</span> <span class='ocrx_word' id='word_1_143' title='bbox 1256 1036 1357 1075; x_wconf 88' lang='lat' dir='ltr'>inter</span> <span class='ocrx_word' id='word_1_144' title='bbox 1373 1037 1502 1074; x_wconf 89' lang='lat' dir='ltr'>Brun-</span> 
     </span>
     <span class='ocr_line' id='line_1_17' title="bbox 94 1092 1566 1143; baseline -0.002 -13"><span class='ocrx_word' id='word_1_145' title='bbox 94 1092 235 1131; x_wconf 88' lang='lat' dir='ltr'>disium</span> <span class='ocrx_word' id='word_1_146' title='bbox 256 1104 298 1130; x_wconf 90' lang='lat' dir='ltr'>ac</span> <span class='ocrx_word' id='word_1_147' title='bbox 321 1093 530 1130; x_wconf 84' lang='lat' dir='ltr'>Tarentum</span> <span class='ocrx_word' id='word_1_148' title='bbox 552 1092 664 1130; x_wconf 76' lang='lat' dir='ltr'>tutari</span> <span class='ocrx_word' id='word_1_149' title='bbox 685 1098 826 1142; x_wconf 88' lang='lat' dir='ltr'>posset.</span> <span class='ocrx_word' id='word_1_150' title='bbox 867 1105 935 1143; x_wconf 85' lang='lat' dir='ltr'>par</span> <span class='ocrx_word' id='word_1_151' title='bbox 955 1093 1111 1130; x_wconf 83' lang='lat' dir='ltr'>navium</span> <span class='ocrx_word' id='word_1_152' title='bbox 1133 1105 1321 1131; x_wconf 80' lang='lat' dir='ltr'>numerus</span> <span class='ocrx_word' id='word_1_153' title='bbox 1345 1094 1388 1139; x_wconf 86' lang='lat' dir='ltr'>Q.</span> <span class='ocrx_word' id='word_1_154' title='bbox 1409 1093 1503 1130; x_wconf 88' lang='lat' dir='ltr'>Ful·</span> <span class='ocrx_word' id='word_1_155' title='bbox 1527 1095 1566 1127; x_wconf 83' lang='lat'>18</span> 
     </span>
     <span class='ocr_line' id='line_1_18' title="bbox 92 1148 1565 1199; baseline -0.001 -12"><span class='ocrx_word' id='word_1_156' title='bbox 92 1149 155 1187; x_wconf 82' lang='lat' dir='ltr'>vio</span> <span class='ocrx_word' id='word_1_157' title='bbox 178 1149 345 1199; x_wconf 85' lang='lat' dir='ltr'>praetori</span> <span class='ocrx_word' id='word_1_158' title='bbox 366 1148 515 1186; x_wconf 89' lang='lat' dir='ltr'>urbano</span> <span class='ocrx_word' id='word_1_159' title='bbox 537 1148 714 1187; x_wconf 83' lang='lat' dir='ltr'>decretus</span> <span class='ocrx_word' id='word_1_160' title='bbox 736 1149 780 1186; x_wconf 87' lang='lat' dir='ltr'>ad</span> <span class='ocrx_word' id='word_1_161' title='bbox 803 1148 1025 1188; x_wconf 85' lang='lat' dir='ltr'>suburbana</span> <span class='ocrx_word' id='word_1_162' title='bbox 1050 1149 1159 1187; x_wconf 86' lang='lat' dir='ltr'>litora</span> <span class='ocrx_word' id='word_1_163' title='bbox 1176 1149 1341 1187; x_wconf 83' lang='lat' dir='ltr'>tutanda.</span> <span class='ocrx_word' id='word_1_164' title='bbox 1372 1149 1410 1187; x_wconf 86' lang='lat' dir='ltr'>C.</span> <span class='ocrx_word' id='word_1_165' title='bbox 1427 1149 1503 1187; x_wconf 91' lang='lat' dir='ltr'>Te—</span> <span class='ocrx_word' id='word_1_166' title='bbox 1527 1154 1565 1186; x_wconf 83' lang='grc'>19</span> 
     </span>
     <span class='ocr_line' id='line_1_19' title="bbox 91 1205 1502 1256; baseline -0.001 -12"><span class='ocrx_word' id='word_1_167' title='bbox 91 1206 216 1244; x_wconf 85' lang='lat' dir='ltr'>rentio</span> <span class='ocrx_word' id='word_1_168' title='bbox 238 1205 462 1256; x_wconf 82' lang='lat' dir='ltr'>proconsuli</span> <span class='ocrx_word' id='word_1_169' title='bbox 483 1205 680 1255; x_wconf 79' lang='lat' dir='ltr'>negotium</span> <span class='ocrx_word' id='word_1_170' title='bbox 705 1205 847 1252; x_wconf 86' lang='lat' dir='ltr'>datum,</span> <span class='ocrx_word' id='word_1_171' title='bbox 878 1212 920 1244; x_wconf 89' lang='lat' dir='ltr'>ut</span> <span class='ocrx_word' id='word_1_172' title='bbox 939 1205 977 1243; x_wconf 92' lang='lat' dir='ltr'>in</span> <span class='ocrx_word' id='word_1_173' title='bbox 993 1205 1135 1243; x_wconf 88' lang='lat' dir='ltr'>Piceno</span> <span class='ocrx_word' id='word_1_174' title='bbox 1157 1218 1248 1256; x_wconf 78' lang='lat' dir='ltr'>agro</span> <span class='ocrx_word' id='word_1_175' title='bbox 1273 1205 1502 1256; x_wconf 84' lang='lat' dir='ltr'>conquisiti-</span> 
     </span>
    </p>
   </div>
   <div class='ocr_carea' id='block_1_3' title="bbox 143 1338 1504 1380">
    <p class='ocr_par' dir='ltr' id='par_1_4' title="bbox 143 1338 1504 1380">
     <span class='ocr_line' id='line_1_20' title="bbox 143 1338 1504 1380; baseline -0.001 -9"><span class='ocrx_word' id='word_1_176' title='bbox 143 1339 285 1371; x_wconf 84' lang='lat'>13—16.</span> <span class='ocrx_word' id='word_1_177' title='bbox 311 1340 486 1379; x_wconf 55' lang='lat' dir='ltr'>movebant,</span> <span class='ocrx_word' id='word_1_178' title='bbox 532 1340 558 1375; x_wconf 95' lang='grc'>1,</span> <span class='ocrx_word' id='word_1_179' title='bbox 590 1341 639 1377; x_wconf 87' lang='grc'>10,</span> <span class='ocrx_word' id='word_1_180' title='bbox 667 1339 696 1370; x_wconf 88' lang='lat'>3.</span> <span class='ocrx_word' id='word_1_181' title='bbox 721 1356 762 1360; x_wconf 97' lang='lat'><strong>—</strong></span> <span class='ocrx_word' id='word_1_182' title='bbox 832 1339 975 1378; x_wconf 80' lang='lat' dir='ltr'>werden,</span> <span class='ocrx_word' id='word_1_183' title='bbox 1008 1338 1074 1379; x_wconf 81' lang='lat' dir='ltr'>vgl.</span> <span class='ocrx_word' id='word_1_184' title='bbox 1101 1349 1127 1370; x_wconf 87' lang='lat' dir='ltr'>c.</span> <span class='ocrx_word' id='word_1_185' title='bbox 1162 1340 1209 1377; x_wconf 82' lang='grc'>19,</span> <span class='ocrx_word' id='word_1_186' title='bbox 1236 1340 1273 1377; x_wconf 73' lang='grc' dir='ltr'>ὃς</span> <span class='ocrx_word' id='word_1_187' title='bbox 1307 1340 1359 1379; x_wconf 68' lang='grc'>38,</span> <span class='ocrx_word' id='word_1_188' title='bbox 1388 1340 1441 1380; x_wconf 84' lang='grc'>37,</span> <span class='ocrx_word' id='word_1_189' title='bbox 1468 1340 1504 1371; x_wconf 87' lang='grc'>2;</span> 
     </span>
    </p>
   </div>
   <div class='ocr_carea' id='block_1_4' title="bbox 84 1382 767 2607">
    <p class='ocr_par' dir='ltr' id='par_1_5' title="bbox 84 1382 767 2607">
     <span class='ocr_line' id='line_1_21' title="bbox 96 1382 764 1424; baseline -0.003 -8"><span class='ocrx_word' id='word_1_190' title='bbox 96 1386 261 1417; x_wconf 73' lang='lat' dir='ltr'>militibus,</span> <span class='ocrx_word' id='word_1_191' title='bbox 281 1384 341 1415; x_wconf 82' lang='lat' dir='ltr'>den</span> <span class='ocrx_word' id='word_1_192' title='bbox 368 1384 434 1415; x_wconf 88' lang='lat' dir='ltr'>ihm</span> <span class='ocrx_word' id='word_1_193' title='bbox 454 1383 506 1415; x_wconf 92' lang='lat' dir='ltr'>bei</span> <span class='ocrx_word' id='word_1_194' title='bbox 526 1382 583 1415; x_wconf 71' lang='lat' dir='ltr'>der</span> <span class='ocrx_word' id='word_1_195' title='bbox 601 1382 764 1424; x_wconf 77' lang='lat' dir='ltr'>Theilung</span> 
     </span>
     <span class='ocr_line' id='line_1_22' title="bbox 94 1428 764 1470; baseline 0 -10"><span class='ocrx_word' id='word_1_196' title='bbox 94 1429 331 1470; x_wconf 80' lang='lat' dir='ltr'>zugefassenen,</span> <span class='ocrx_word' id='word_1_197' title='bbox 354 1428 374 1470; x_wconf 67' lang='grc' dir='ltr'>ξ</span> <span class='ocrx_word' id='word_1_198' title='bbox 392 1431 425 1466; x_wconf 79' lang='lat'>1;</span> <span class='ocrx_word' id='word_1_199' title='bbox 444 1430 526 1460; x_wconf 87' lang='lat' dir='ltr'>doch</span> <span class='ocrx_word' id='word_1_200' title='bbox 542 1430 655 1460; x_wconf 82' lang='lat' dir='ltr'>stehen</span> <span class='ocrx_word' id='word_1_201' title='bbox 675 1429 764 1461; x_wconf 85' lang='lat' dir='ltr'>diese</span> 
     </span>
     <span class='ocr_line' id='line_1_23' title="bbox 93 1474 763 1515; baseline -0.001 -8"><span class='ocrx_word' id='word_1_202' title='bbox 93 1477 194 1507; x_wconf 83' lang='lat' dir='ltr'>sehon</span> <span class='ocrx_word' id='word_1_203' title='bbox 204 1475 245 1506; x_wconf 85' lang='lat' dir='ltr'>inl</span> <span class='ocrx_word' id='word_1_204' title='bbox 255 1474 411 1507; x_wconf 78' lang='lat' dir='ltr'>Felde.—</span> <span class='ocrx_word' id='word_1_205' title='bbox 423 1477 538 1506; x_wconf 61' lang='lat' dir='ltr'>Fabius</span> <span class='ocrx_word' id='word_1_206' title='bbox 547 1478 717 1514; x_wconf 59' lang='lat' dir='ltr'>oonsultp.</span> <span class='ocrx_word' id='word_1_207' title='bbox 727 1487 763 1515; x_wconf 79' lang='lat' dir='ltr'>s.,</span> 
     </span>
     <span class='ocr_line' id='line_1_24' title="bbox 94 1520 764 1561; baseline 0 -10"><span class='ocrx_word' id='word_1_208' title='bbox 94 1520 172 1552; x_wconf 78' lang='lat' dir='ltr'>weil</span> <span class='ocrx_word' id='word_1_209' title='bbox 188 1521 247 1552; x_wconf 86' lang='lat' dir='ltr'>der</span> <span class='ocrx_word' id='word_1_210' title='bbox 255 1520 356 1551; x_wconf 83' lang='lat' dir='ltr'>Senat</span> <span class='ocrx_word' id='word_1_211' title='bbox 373 1520 453 1552; x_wconf 87' lang='lat' dir='ltr'>iiber</span> <span class='ocrx_word' id='word_1_212' title='bbox 472 1520 523 1551; x_wconf 88' lang='lat' dir='ltr'>die</span> <span class='ocrx_word' id='word_1_213' title='bbox 541 1520 764 1561; x_wconf 67' lang='lat' dir='ltr'>auswi‘irtigen</span> 
     </span>
     <span class='ocr_line' id='line_1_25' title="bbox 92 1565 763 1606; baseline 0 -9"><span class='ocrx_word' id='word_1_214' title='bbox 92 1565 323 1598; x_wconf 66' lang='lat' dir='ltr'>Verhiiltnisse</span> <span class='ocrx_word' id='word_1_215' title='bbox 340 1577 379 1597; x_wconf 91' lang='lat' dir='ltr'>zu</span> <span class='ocrx_word' id='word_1_216' title='bbox 398 1565 588 1597; x_wconf 85' lang='lat' dir='ltr'>bestimmen</span> <span class='ocrx_word' id='word_1_217' title='bbox 607 1567 675 1605; x_wconf 81' lang='lat' dir='ltr'>hat,</span> <span class='ocrx_word' id='word_1_218' title='bbox 699 1566 763 1606; x_wconf 79' lang='lat' dir='ltr'>vgl.</span> 
     </span>
     <span class='ocr_line' id='line_1_26' title="bbox 94 1610 764 1652; baseline -0.001 -7"><span class='ocrx_word' id='word_1_219' title='bbox 94 1613 148 1651; x_wconf 84' lang='grc'>22,</span> <span class='ocrx_word' id='word_1_220' title='bbox 179 1613 228 1651; x_wconf 89' lang='grc'>11,</span> <span class='ocrx_word' id='word_1_221' title='bbox 258 1613 288 1644; x_wconf 83' lang='grc'>4.</span> <span class='ocrx_word' id='word_1_222' title='bbox 317 1612 501 1652; x_wconf 75' lang='lat' dir='ltr'>—frmn.,</span> <span class='ocrx_word' id='word_1_223' title='bbox 527 1610 611 1643; x_wconf 83' lang='lat' dir='ltr'>Gell.</span> <span class='ocrx_word' id='word_1_224' title='bbox 646 1613 695 1651; x_wconf 86' lang='lat'>13,</span> <span class='ocrx_word' id='word_1_225' title='bbox 724 1612 764 1644; x_wconf 72' lang='grc'>18</span> 
     </span>
     <span class='ocr_line' id='line_1_27' title="bbox 92 1654 764 1699; baseline -0.003 -9"><span class='ocrx_word' id='word_1_226' title='bbox 92 1654 177 1697; x_wconf 70' lang='grc'>(17),</span> <span class='ocrx_word' id='word_1_227' title='bbox 206 1658 239 1689; x_wconf 87' lang='lat'>1:</span> <span class='ocrx_word' id='word_1_228' title='bbox 265 1669 350 1689; x_wconf 78' lang='lat' dir='ltr'>mmo</span> <span class='ocrx_word' id='word_1_229' title='bbox 374 1660 463 1688; x_wconf 54' lang='lat' dir='ltr'>arunt</span> <span class='ocrx_word' id='word_1_230' title='bbox 486 1660 520 1688; x_wconf 69' lang='lat' dir='ltr'>z&#39;oz</span> <span class='ocrx_word' id='word_1_231' title='bbox 546 1659 704 1699; x_wconf 65' lang='lat' dir='ltr'>se5etz&#39;bzcs‘,</span> <span class='ocrx_word' id='word_1_232' title='bbox 731 1660 764 1688; x_wconf 69' lang='lat' dir='ltr'>in</span> 
     </span>
     <span class='ocr_line' id='line_1_28' title="bbox 93 1701 766 1742; baseline -0.001 -8"><span class='ocrx_word' id='word_1_233' title='bbox 93 1704 196 1734; x_wconf 78' lang='lat' dir='ltr'>herbis</span> <span class='ocrx_word' id='word_1_234' title='bbox 221 1701 291 1742; x_wconf 85' lang='lat' dir='ltr'>(auf</span> <span class='ocrx_word' id='word_1_235' title='bbox 313 1703 382 1734; x_wconf 89' lang='lat' dir='ltr'>dem</span> <span class='ocrx_word' id='word_1_236' title='bbox 408 1702 589 1741; x_wconf 80' lang='lat' dir='ltr'>Hahne)—</span> <span class='ocrx_word' id='word_1_237' title='bbox 595 1703 766 1742; x_wconf 68' lang='lat' dir='ltr'>frumenta</span> 
     </span>
     <span class='ocr_line' id='line_1_29' title="bbox 93 1747 766 1788; baseline -0.001 -8"><span class='ocrx_word' id='word_1_238' title='bbox 93 1759 166 1788; x_wconf 78' lang='lat' dir='ltr'>esse,</span> <span class='ocrx_word' id='word_1_239' title='bbox 193 1747 259 1788; x_wconf 83' lang='lat' dir='ltr'>vgl.</span> <span class='ocrx_word' id='word_1_240' title='bbox 278 1747 312 1779; x_wconf 91' lang='lat' dir='ltr'>L.</span> <span class='ocrx_word' id='word_1_241' title='bbox 334 1749 386 1788; x_wconf 87' lang='grc'>31,</span> <span class='ocrx_word' id='word_1_242' title='bbox 414 1750 444 1787; x_wconf 88' lang='grc'>2,</span> <span class='ocrx_word' id='word_1_243' title='bbox 473 1751 509 1781; x_wconf 87' lang='lat'>7:</span> <span class='ocrx_word' id='word_1_244' title='bbox 535 1751 578 1779; x_wconf 79' lang='lat' dir='ltr'>ad</span> <span class='ocrx_word' id='word_1_245' title='bbox 589 1751 766 1780; x_wconf 72' lang='lat' dir='ltr'>demetenda</span> 
     </span>
     <span class='ocr_line' id='line_1_30' title="bbox 84 1794 765 1835; baseline 0 -11"><span class='ocrx_word' id='word_1_246' title='bbox 84 1794 275 1834; x_wconf 74' lang='lat' dir='ltr'>frumenta;</span> <span class='ocrx_word' id='word_1_247' title='bbox 314 1794 374 1834; x_wconf 85' lang='lat'>33,</span> <span class='ocrx_word' id='word_1_248' title='bbox 415 1795 453 1834; x_wconf 79' lang='grc'>6,</span> <span class='ocrx_word' id='word_1_249' title='bbox 495 1795 534 1835; x_wconf 68' lang='lat'>83</span> <span class='ocrx_word' id='word_1_250' title='bbox 560 1795 765 1834; x_wconf 46' lang='lat' dir='ltr'>frumentum</span> 
     </span>
     <span class='ocr_line' id='line_1_31' title="bbox 94 1839 767 1880; baseline 0.001 -10"><span class='ocrx_word' id='word_1_251' title='bbox 94 1839 287 1880; x_wconf 84' lang='lat' dir='ltr'>allgemein:</span> <span class='ocrx_word' id='word_1_252' title='bbox 331 1842 415 1879; x_wconf 79' lang='lat' dir='ltr'>quod</span> <span class='ocrx_word' id='word_1_253' title='bbox 448 1842 548 1871; x_wconf 71' lang='lat' dir='ltr'>arista</span> <span class='ocrx_word' id='word_1_254' title='bbox 588 1851 619 1871; x_wconf 78' lang='lat' dir='ltr'>se</span> <span class='ocrx_word' id='word_1_255' title='bbox 665 1846 767 1872; x_wconf 54' lang='lat' dir='ltr'>teneat</span> 
     </span>
     <span class='ocr_line' id='line_1_32' title="bbox 94 1884 766 1925; baseline 0.003 -11"><span class='ocrx_word' id='word_1_256' title='bbox 94 1884 166 1925; x_wconf 80' lang='lat' dir='ltr'>Dig.</span> <span class='ocrx_word' id='word_1_257' title='bbox 181 1886 235 1923; x_wconf 85' lang='lat'>50,</span> <span class='ocrx_word' id='word_1_258' title='bbox 259 1886 308 1925; x_wconf 81' lang='grc'>16,</span> <span class='ocrx_word' id='word_1_259' title='bbox 331 1887 384 1925; x_wconf 88' lang='grc'>77,</span> <span class='ocrx_word' id='word_1_260' title='bbox 401 1884 449 1916; x_wconf 87' lang='lat' dir='ltr'>od.</span> <span class='ocrx_word' id='word_1_261' title='bbox 465 1885 520 1916; x_wconf 85' lang='lat' dir='ltr'>das</span> <span class='ocrx_word' id='word_1_262' title='bbox 536 1884 766 1925; x_wconf 82' lang='lat' dir='ltr'>eingebrachte</span> 
     </span>
     <span class='ocr_line' id='line_1_33' title="bbox 95 1929 764 1970; baseline 0 -9"><span class='ocrx_word' id='word_1_263' title='bbox 95 1929 262 1961; x_wconf 75' lang='lat' dir='ltr'>Gen-eide.</span> <span class='ocrx_word' id='word_1_264' title='bbox 289 1948 332 1952; x_wconf 93' lang='lat'>—</span> <span class='ocrx_word' id='word_1_265' title='bbox 351 1933 477 1969; x_wconf 71' lang='lat' dir='ltr'>primas</span> <span class='ocrx_word' id='word_1_266' title='bbox 502 1930 601 1961; x_wconf 82' lang='lat' dir='ltr'>findet</span> <span class='ocrx_word' id='word_1_267' title='bbox 618 1930 688 1961; x_wconf 82' lang='lat' dir='ltr'>sich</span> <span class='ocrx_word' id='word_1_268' title='bbox 709 1932 764 1970; x_wconf 80' lang='lat'>42,</span> 
     </span>
     <span class='ocr_line' id='line_1_34' title="bbox 95 1975 764 2015; baseline -0.003 -7"><span class='ocrx_word' id='word_1_269' title='bbox 95 1976 149 2015; x_wconf 83' lang='lat'>21,</span> <span class='ocrx_word' id='word_1_270' title='bbox 177 1978 195 2008; x_wconf 87' lang='lat'>5</span> <span class='ocrx_word' id='word_1_271' title='bbox 212 1975 276 2007; x_wconf 87' lang='lat' dir='ltr'>und</span> <span class='ocrx_word' id='word_1_272' title='bbox 294 1975 463 2007; x_wconf 82' lang='lat' dir='ltr'>mehri&#39;ach</span> <span class='ocrx_word' id='word_1_273' title='bbox 483 1975 764 2007; x_wconf 79' lang='lat' dir='ltr'>auflnschrii‘ten:</span> 
     </span>
     <span class='ocr_line' id='line_1_35' title="bbox 97 2020 762 2053; baseline 0.005 -3"><span class='ocrx_word' id='word_1_274' title='bbox 97 2020 148 2051; x_wconf 84' lang='lat' dir='ltr'>die</span> <span class='ocrx_word' id='word_1_275' title='bbox 168 2021 326 2052; x_wconf 69' lang='lat' dir='ltr'>niichsten</span> <span class='ocrx_word' id='word_1_276' title='bbox 344 2021 375 2052; x_wconf 90' lang='lat' dir='ltr'>in</span> <span class='ocrx_word' id='word_1_277' title='bbox 392 2022 462 2053; x_wconf 90' lang='lat' dir='ltr'>dem</span> <span class='ocrx_word' id='word_1_278' title='bbox 471 2020 762 2053; x_wconf 84' lang='lat' dir='ltr'>laufendenJahre.</span> 
     </span>
     <span class='ocr_line' id='line_1_36' title="bbox 95 2067 766 2108; baseline 0.003 -12"><span class='ocrx_word' id='word_1_279' title='bbox 95 2083 141 2088; x_wconf 91' lang='lat'>—-</span> <span class='ocrx_word' id='word_1_280' title='bbox 172 2067 305 2102; x_wconf 68' lang='lat' dir='ltr'>Iunias,</span> <span class='ocrx_word' id='word_1_281' title='bbox 343 2067 466 2098; x_wconf 81' lang='lat' dir='ltr'>damals</span> <span class='ocrx_word' id='word_1_282' title='bbox 495 2067 667 2108; x_wconf 72' lang='lat' dir='ltr'>Quintili53</span> <span class='ocrx_word' id='word_1_283' title='bbox 705 2077 766 2098; x_wconf 87' lang='lat' dir='ltr'>vor</span> 
     </span>
     <span class='ocr_line' id='line_1_37' title="bbox 97 2111 763 2152; baseline 0.002 -11"><span class='ocrx_word' id='word_1_284' title='bbox 97 2111 168 2142; x_wconf 85' lang='lat' dir='ltr'>dem</span> <span class='ocrx_word' id='word_1_285' title='bbox 204 2111 274 2142; x_wconf 86' lang='lat' dir='ltr'>also</span> <span class='ocrx_word' id='word_1_286' title='bbox 310 2111 362 2142; x_wconf 89' lang='lat' dir='ltr'>die</span> <span class='ocrx_word' id='word_1_287' title='bbox 395 2111 495 2143; x_wconf 88' lang='lat' dir='ltr'>Ernte</span> <span class='ocrx_word' id='word_1_288' title='bbox 528 2123 599 2143; x_wconf 86' lang='lat' dir='ltr'>zum</span> <span class='ocrx_word' id='word_1_289' title='bbox 630 2123 763 2152; x_wconf 72' lang='lat' dir='ltr'>grosseti</span> 
     </span>
     <span class='ocr_line' id='line_1_38' title="bbox 96 2155 765 2190; baseline 0.004 -3"><span class='ocrx_word' id='word_1_290' title='bbox 96 2155 212 2187; x_wconf 86' lang='lat' dir='ltr'>Theile</span> <span class='ocrx_word' id='word_1_291' title='bbox 240 2156 381 2188; x_wconf 73' lang='lat' dir='ltr'>voi-iiber</span> <span class='ocrx_word' id='word_1_292' title='bbox 405 2156 475 2188; x_wconf 82' lang='lat' dir='ltr'>sein</span> <span class='ocrx_word' id='word_1_293' title='bbox 497 2161 628 2189; x_wconf 82' lang='lat' dir='ltr'>musste.</span> <span class='ocrx_word' id='word_1_294' title='bbox 647 2175 689 2180; x_wconf 77' lang='lat'>—</span> <span class='ocrx_word' id='word_1_295' title='bbox 708 2160 765 2190; x_wconf 75' lang='lat' dir='ltr'>sub</span> 
     </span>
     <span class='ocr_line' id='line_1_39' title="bbox 93 2203 766 2243; baseline 0.003 -11"><span class='ocrx_word' id='word_1_296' title='bbox 93 2203 136 2236; x_wconf 72' lang='grc'>11..</span> <span class='ocrx_word' id='word_1_297' title='bbox 163 2203 194 2241; x_wconf 84' lang='grc'>4,</span> <span class='ocrx_word' id='word_1_298' title='bbox 221 2203 274 2239; x_wconf 80' lang='grc'>29,</span> <span class='ocrx_word' id='word_1_299' title='bbox 302 2204 331 2235; x_wconf 75' lang='lat'>4.</span> <span class='ocrx_word' id='word_1_300' title='bbox 350 2220 393 2224; x_wconf 79' lang='lat'>—·</span> <span class='ocrx_word' id='word_1_301' title='bbox 409 2205 468 2242; x_wconf 78' lang='lat' dir='ltr'>qui</span> <span class='ocrx_word' id='word_1_302' title='bbox 493 2205 536 2234; x_wconf 80' lang='lat' dir='ltr'>ad</span> <span class='ocrx_word' id='word_1_303' title='bbox 559 2205 609 2235; x_wconf 71' lang='lat' dir='ltr'>ius</span> <span class='ocrx_word' id='word_1_304' title='bbox 638 2206 666 2235; x_wconf 79' lang='lat' dir='ltr'>d.</span> <span class='ocrx_word' id='word_1_305' title='bbox 687 2215 709 2236; x_wconf 76' lang='grc' dir='ltr'>ο.</span> <span class='ocrx_word' id='word_1_306' title='bbox 729 2215 766 2243; x_wconf 73' lang='grc'>6.,</span> 
     </span>
     <span class='ocr_line' id='line_1_40' title="bbox 95 2247 765 2288; baseline 0.001 -10"><span class='ocrx_word' id='word_1_307' title='bbox 95 2257 210 2287; x_wconf 75' lang='lat' dir='ltr'>wegen</span> <span class='ocrx_word' id='word_1_308' title='bbox 234 2247 292 2278; x_wconf 88' lang='lat' dir='ltr'>der</span> <span class='ocrx_word' id='word_1_309' title='bbox 316 2249 369 2284; x_wconf 91' lang='grc'>22,</span> <span class='ocrx_word' id='word_1_310' title='bbox 397 2250 450 2286; x_wconf 84' lang='grc'>57,</span> <span class='ocrx_word' id='word_1_311' title='bbox 477 2249 495 2280; x_wconf 77' lang='lat' dir='ltr'>S</span> <span class='ocrx_word' id='word_1_312' title='bbox 514 2247 713 2288; x_wconf 79' lang='lat' dir='ltr'>wenigstens</span> <span class='ocrx_word' id='word_1_313' title='bbox 732 2249 765 2279; x_wconf 91' lang='lat' dir='ltr'>in</span> 
     </span>
     <span class='ocr_line' id='line_1_41' title="bbox 96 2291 766 2335; baseline 0.001 -11"><span class='ocrx_word' id='word_1_314' title='bbox 96 2291 276 2324; x_wconf 79' lang='lat' dir='ltr'>Riieksicht</span> <span class='ocrx_word' id='word_1_315' title='bbox 300 2292 360 2324; x_wconf 88' lang='lat' dir='ltr'>auf</span> <span class='ocrx_word' id='word_1_316' title='bbox 385 2294 446 2324; x_wconf 90' lang='lat' dir='ltr'>den</span> <span class='ocrx_word' id='word_1_317' title='bbox 470 2294 585 2335; x_wconf 70' lang='lat' dir='ltr'>prator</span> <span class='ocrx_word' id='word_1_318' title='bbox 611 2293 679 2325; x_wconf 91' lang='lat' dir='ltr'>urb.</span> <span class='ocrx_word' id='word_1_319' title='bbox 707 2294 766 2325; x_wconf 92' lang='lat' dir='ltr'>be-</span> 
     </span>
     <span class='ocr_line' id='line_1_42' title="bbox 94 2338 766 2379; baseline 0.001 -10"><span class='ocrx_word' id='word_1_320' title='bbox 94 2338 244 2370; x_wconf 85' lang='lat' dir='ltr'>merkten</span> <span class='ocrx_word' id='word_1_321' title='bbox 276 2339 541 2379; x_wconf 70' lang='lat' dir='ltr'>Beschriinkung.</span> <span class='ocrx_word' id='word_1_322' title='bbox 571 2356 614 2360; x_wconf 97' lang='lat'><strong>—</strong></span> <span class='ocrx_word' id='word_1_323' title='bbox 650 2340 766 2378; x_wconf 80' lang='lat' dir='ltr'>Valer.,</span> 
     </span>
     <span class='ocr_line' id='line_1_43' title="bbox 95 2383 765 2426; baseline 0.003 -12"><span class='ocrx_word' id='word_1_324' title='bbox 95 2383 238 2415; x_wconf 80' lang='lat' dir='ltr'>n&#39;amlich</span> <span class='ocrx_word' id='word_1_325' title='bbox 260 2383 344 2425; x_wconf 66' lang='lat' dir='ltr'>val,</span> <span class='ocrx_word' id='word_1_326' title='bbox 369 2385 452 2415; x_wconf 87' lang='lat' dir='ltr'>nach</span> <span class='ocrx_word' id='word_1_327' title='bbox 476 2394 502 2415; x_wconf 68' lang='lat' dir='ltr'>c⁴</span> <span class='ocrx_word' id='word_1_328' title='bbox 530 2385 583 2423; x_wconf 85' lang='lat'>30,</span> <span class='ocrx_word' id='word_1_329' title='bbox 613 2385 765 2426; x_wconf 58' lang='grc'>18111116-</span> 
     </span>
     <span class='ocr_line' id='line_1_44' title="bbox 94 2429 764 2471; baseline 0.003 -11"><span class='ocrx_word' id='word_1_330' title='bbox 94 2432 149 2460; x_wconf 86' lang='lat' dir='ltr'>tor</span> <span class='ocrx_word' id='word_1_331' title='bbox 177 2429 379 2471; x_wconf 84' lang='lat' dir='ltr'>peregrinus.</span> <span class='ocrx_word' id='word_1_332' title='bbox 417 2447 454 2452; x_wconf 92' lang='lat'>—</span> <span class='ocrx_word' id='word_1_333' title='bbox 494 2432 717 2462; x_wconf 73' lang='lat' dir='ltr'>Terentianum</span> <span class='ocrx_word' id='word_1_334' title='bbox 740 2440 764 2462; x_wconf 91' lang='lat' dir='ltr'>s.</span> 
     </span>
     <span class='ocr_line' id='line_1_45' title="bbox 97 2475 764 2515; baseline 0.004 -11"><span class='ocrx_word' id='word_1_335' title='bbox 97 2484 122 2505; x_wconf 86' lang='lat' dir='ltr'>c.</span> <span class='ocrx_word' id='word_1_336' title='bbox 149 2476 202 2515; x_wconf 84' lang='lat'>25,</span> <span class='ocrx_word' id='word_1_337' title='bbox 230 2477 267 2515; x_wconf 78' lang='lat'>63</span> <span class='ocrx_word' id='word_1_338' title='bbox 295 2475 377 2506; x_wconf 89' lang='lat' dir='ltr'>dazu</span> <span class='ocrx_word' id='word_1_339' title='bbox 403 2475 488 2506; x_wconf 83' lang='lat' dir='ltr'>kann</span> <span class='ocrx_word' id='word_1_340' title='bbox 515 2478 683 2508; x_wconf 73' lang='lat' dir='ltr'>exercitum</span> <span class='ocrx_word' id='word_1_341' title='bbox 707 2485 764 2507; x_wconf 83' lang='lat' dir='ltr'>aus</span> 
     </span>
     <span class='ocr_line' id='line_1_46' title="bbox 97 2519 765 2562; baseline 0.003 -12"><span class='ocrx_word' id='word_1_342' title='bbox 97 2519 167 2550; x_wconf 87' lang='lat' dir='ltr'>dem</span> <span class='ocrx_word' id='word_1_343' title='bbox 190 2519 412 2562; x_wconf 84' lang='lat' dir='ltr'>Vorhergeh.,</span> <span class='ocrx_word' id='word_1_344' title='bbox 451 2520 602 2561; x_wconf 82' lang='lat' dir='ltr'>obgleieh</span> <span class='ocrx_word' id='word_1_345' title='bbox 629 2532 698 2552; x_wconf 77' lang='lat' dir='ltr'>cum</span> <span class='ocrx_word' id='word_1_346' title='bbox 722 2538 765 2543; x_wconf 90' lang='lat'>——</span> 
     </span>
     <span class='ocr_line' id='line_1_47' title="bbox 90 2566 766 2607; baseline 0.001 -11"><span class='ocrx_word' id='word_1_347' title='bbox 90 2567 230 2604; x_wconf 70' lang='lat' dir='ltr'>praesid.</span> <span class='ocrx_word' id='word_1_348' title='bbox 266 2566 475 2598; x_wconf 86' lang='lat' dir='ltr'>dazwischen</span> <span class='ocrx_word' id='word_1_349' title='bbox 498 2566 592 2606; x_wconf 81' lang='lat' dir='ltr'>tritt,</span> <span class='ocrx_word' id='word_1_350' title='bbox 628 2566 766 2607; x_wconf 71' lang='lat' dir='ltr'>erg&#39;zinzt</span> 
     </span>
    </p>
   </div>
   <div class='ocr_carea' id='block_1_5' title="bbox 832 1383 1510 2608">
    <p class='ocr_par' dir='ltr' id='par_1_6' title="bbox 832 1383 1510 2608">
     <span class='ocr_line' id='line_1_48' title="bbox 833 1383 1502 1423; baseline 0 -8"><span class='ocrx_word' id='word_1_351' title='bbox 833 1387 877 1416; x_wconf 72' lang='lat' dir='ltr'>ita</span> <span class='ocrx_word' id='word_1_352' title='bbox 905 1388 986 1423; x_wconf 86' lang='lat' dir='ltr'>etc.;</span> <span class='ocrx_word' id='word_1_353' title='bbox 1015 1383 1053 1415; x_wconf 77' lang='lat' dir='ltr'>R.</span> <span class='ocrx_word' id='word_1_354' title='bbox 1080 1386 1163 1423; x_wconf 75' lang='lat'>2763</span> <span class='ocrx_word' id='word_1_355' title='bbox 1189 1384 1271 1415; x_wconf 88' lang='lat' dir='ltr'>doeh</span> <span class='ocrx_word' id='word_1_356' title='bbox 1287 1384 1370 1415; x_wconf 81' lang='lat' dir='ltr'>wird</span> <span class='ocrx_word' id='word_1_357' title='bbox 1390 1394 1479 1416; x_wconf 68' lang='lat' dir='ltr'>verm</span> <span class='ocrx_word' id='word_1_358' title='bbox 1495 1409 1502 1423; x_wconf 97' lang='lat'>,</span> 
     </span>
     <span class='ocr_line' id='line_1_49' title="bbox 833 1429 1507 1462; baseline 0.003 -2"><span class='ocrx_word' id='word_1_359' title='bbox 833 1430 907 1461; x_wconf 81' lang='lat' dir='ltr'>dass</span> <span class='ocrx_word' id='word_1_360' title='bbox 951 1429 1010 1460; x_wconf 86' lang='lat' dir='ltr'>mit</span> <span class='ocrx_word' id='word_1_361' title='bbox 1047 1432 1217 1462; x_wconf 66' lang='lat' dir='ltr'>Tarentum</span> <span class='ocrx_word' id='word_1_362' title='bbox 1256 1430 1338 1460; x_wconf 85' lang='lat' dir='ltr'>noch</span> <span class='ocrx_word' id='word_1_363' title='bbox 1378 1433 1507 1462; x_wconf 67' lang='lat' dir='ltr'>militem</span> 
     </span>
     <span class='ocr_line' id='line_1_50' title="bbox 834 1474 1505 1516; baseline -0.001 -9"><span class='ocrx_word' id='word_1_364' title='bbox 834 1475 883 1506; x_wconf 89' lang='lat' dir='ltr'>od.</span> <span class='ocrx_word' id='word_1_365' title='bbox 912 1478 1080 1507; x_wconf 62' lang='lat' dir='ltr'>exercitum</span> <span class='ocrx_word' id='word_1_366' title='bbox 1105 1474 1308 1516; x_wconf 79' lang='lat' dir='ltr'>ausgefallen</span> <span class='ocrx_word' id='word_1_367' title='bbox 1337 1475 1405 1516; x_wconf 58' lang='grc'>561,</span> <span class='ocrx_word' id='word_1_368' title='bbox 1438 1474 1505 1506; x_wconf 88' lang='lat' dir='ltr'>Ta-</span> 
     </span>
     <span class='ocr_line' id='line_1_51' title="bbox 833 1521 1505 1561; baseline 0 -9"><span class='ocrx_word' id='word_1_369' title='bbox 833 1525 908 1552; x_wconf 86' lang='lat' dir='ltr'>rent</span> <span class='ocrx_word' id='word_1_370' title='bbox 944 1522 1002 1552; x_wconf 84' lang='lat' dir='ltr'>hat</span> <span class='ocrx_word' id='word_1_371' title='bbox 1037 1521 1102 1552; x_wconf 82' lang='lat' dir='ltr'>seit</span> <span class='ocrx_word' id='word_1_372' title='bbox 1137 1521 1292 1561; x_wconf 75' lang='lat' dir='ltr'>langerer</span> <span class='ocrx_word' id='word_1_373' title='bbox 1326 1521 1401 1552; x_wconf 86' lang='lat' dir='ltr'>Zeit</span> <span class='ocrx_word' id='word_1_374' title='bbox 1434 1521 1505 1553; x_wconf 86' lang='lat' dir='ltr'>eine</span> 
     </span>
     <span class='ocr_line' id='line_1_52' title="bbox 833 1566 1505 1607; baseline 0.004 -10"><span class='ocrx_word' id='word_1_375' title='bbox 833 1568 910 1598; x_wconf 81' lang='lat' dir='ltr'>r&#39;om.</span> <span class='ocrx_word' id='word_1_376' title='bbox 943 1567 1134 1607; x_wconf 78' lang='lat' dir='ltr'>Besatzung,</span> <span class='ocrx_word' id='word_1_377' title='bbox 1160 1577 1185 1598; x_wconf 84' lang='grc'>5.</span> <span class='ocrx_word' id='word_1_378' title='bbox 1210 1566 1278 1598; x_wconf 89' lang='lat' dir='ltr'>Pol.</span> <span class='ocrx_word' id='word_1_379' title='bbox 1304 1568 1334 1604; x_wconf 84' lang='lat'>2,</span> <span class='ocrx_word' id='word_1_380' title='bbox 1363 1568 1417 1605; x_wconf 71' lang='lat'>24,</span> <span class='ocrx_word' id='word_1_381' title='bbox 1448 1568 1505 1606; x_wconf 69' lang='lat'>133</span> 
     </span>
     <span class='ocr_line' id='line_1_53' title="bbox 834 1611 1505 1652; baseline 0 -7"><span class='ocrx_word' id='word_1_382' title='bbox 834 1614 864 1651; x_wconf 79' lang='lat'>3,</span> <span class='ocrx_word' id='word_1_383' title='bbox 899 1614 951 1651; x_wconf 80' lang='lat'>75,</span> <span class='ocrx_word' id='word_1_384' title='bbox 980 1615 1011 1651; x_wconf 83' lang='grc'>4,</span> <span class='ocrx_word' id='word_1_385' title='bbox 1040 1612 1073 1643; x_wconf 95' lang='lat' dir='ltr'>L.</span> <span class='ocrx_word' id='word_1_386' title='bbox 1102 1614 1155 1648; x_wconf 76' lang='grc'>23,</span> <span class='ocrx_word' id='word_1_387' title='bbox 1183 1613 1235 1648; x_wconf 80' lang='grc'>33,</span> <span class='ocrx_word' id='word_1_388' title='bbox 1262 1614 1300 1652; x_wconf 73' lang='lat'>43</span> <span class='ocrx_word' id='word_1_389' title='bbox 1323 1611 1366 1643; x_wconf 90' lang='lat' dir='ltr'>ib.</span> <span class='ocrx_word' id='word_1_390' title='bbox 1395 1612 1448 1651; x_wconf 73' lang='lat'>38,</span> <span class='ocrx_word' id='word_1_391' title='bbox 1474 1614 1505 1648; x_wconf 73' lang='lat'>9,</span> 
     </span>
     <span class='ocr_line' id='line_1_54' title="bbox 833 1657 1508 1697; baseline -0.001 -8"><span class='ocrx_word' id='word_1_392' title='bbox 833 1658 898 1689; x_wconf 89' lang='lat' dir='ltr'>und</span> <span class='ocrx_word' id='word_1_393' title='bbox 931 1657 974 1689; x_wconf 75' lang='lat' dir='ltr'>ist</span> <span class='ocrx_word' id='word_1_394' title='bbox 995 1657 1083 1697; x_wconf 85' lang='lat' dir='ltr'>jetzt</span> <span class='ocrx_word' id='word_1_395' title='bbox 1116 1658 1198 1689; x_wconf 83' lang='lat' dir='ltr'>noch</span> <span class='ocrx_word' id='word_1_396' title='bbox 1223 1657 1266 1688; x_wconf 87' lang='lat' dir='ltr'>im</span> <span class='ocrx_word' id='word_1_397' title='bbox 1296 1657 1423 1689; x_wconf 85' lang='lat' dir='ltr'>Besitze</span> <span class='ocrx_word' id='word_1_398' title='bbox 1448 1657 1508 1689; x_wconf 88' lang='lat' dir='ltr'>der</span> 
     </span>
     <span class='ocr_line' id='line_1_55' title="bbox 833 1702 1507 1742; baseline 0.001 -8"><span class='ocrx_word' id='word_1_399' title='bbox 833 1702 961 1742; x_wconf 74' lang='lat' dir='ltr'>Romer,</span> <span class='ocrx_word' id='word_1_400' title='bbox 976 1704 1029 1739; x_wconf 84' lang='grc'>22,</span> <span class='ocrx_word' id='word_1_401' title='bbox 1052 1705 1105 1741; x_wconf 88' lang='grc'>61,</span> <span class='ocrx_word' id='word_1_402' title='bbox 1124 1702 1187 1734; x_wconf 78' lang='lat' dir='ltr'>wie</span> <span class='ocrx_word' id='word_1_403' title='bbox 1208 1704 1265 1734; x_wconf 83' lang='lat' dir='ltr'>das</span> <span class='ocrx_word' id='word_1_404' title='bbox 1283 1703 1331 1734; x_wconf 83' lang='lat' dir='ltr'>als</span> <span class='ocrx_word' id='word_1_405' title='bbox 1346 1703 1507 1735; x_wconf 86' lang='lat' dir='ltr'>Handels-</span> 
     </span>
     <span class='ocr_line' id='line_1_56' title="bbox 832 1748 1348 1791; baseline 0.002 -12"><span class='ocrx_word' id='word_1_406' title='bbox 832 1749 921 1791; x_wconf 82' lang='lat' dir='ltr'>platz</span> <span class='ocrx_word' id='word_1_407' title='bbox 947 1748 1105 1789; x_wconf 77' lang='lat' dir='ltr'>wichtige</span> <span class='ocrx_word' id='word_1_408' title='bbox 1133 1748 1348 1780; x_wconf 85' lang='lat' dir='ltr'>Brundisium.</span> 
     </span>
     <span class='ocr_line' id='line_1_57' title="bbox 883 1793 1506 1835; baseline -0.005 -8"><span class='ocrx_word' id='word_1_409' title='bbox 883 1796 1022 1827; x_wconf 68' lang='lat'>18—20.</span> <span class='ocrx_word' id='word_1_410' title='bbox 1039 1806 1091 1834; x_wconf 74' lang='lat' dir='ltr'>pr.</span> <span class='ocrx_word' id='word_1_411' title='bbox 1108 1796 1190 1832; x_wconf 61' lang='lat' dir='ltr'>urb„</span> <span class='ocrx_word' id='word_1_412' title='bbox 1212 1793 1232 1835; x_wconf 63' lang='grc' dir='ltr'>ξ</span> <span class='ocrx_word' id='word_1_413' title='bbox 1257 1796 1314 1834; x_wconf 77' lang='lat'>163</span> <span class='ocrx_word' id='word_1_414' title='bbox 1332 1804 1368 1825; x_wconf 86' lang='lat' dir='ltr'>er</span> <span class='ocrx_word' id='word_1_415' title='bbox 1384 1794 1506 1825; x_wconf 88' lang='lat' dir='ltr'>konnte</span> 
     </span>
     <span class='ocr_line' id='line_1_58' title="bbox 834 1838 1507 1881; baseline 0 -11"><span class='ocrx_word' id='word_1_416' title='bbox 834 1840 895 1871; x_wconf 90' lang='lat' dir='ltr'>den</span> <span class='ocrx_word' id='word_1_417' title='bbox 941 1838 1084 1881; x_wconf 77' lang='lat' dir='ltr'>Auftrag</span> <span class='ocrx_word' id='word_1_418' title='bbox 1131 1840 1214 1871; x_wconf 73' lang='lat' dir='ltr'>anch</span> <span class='ocrx_word' id='word_1_419' title='bbox 1267 1840 1370 1870; x_wconf 87' lang='lat' dir='ltr'>durch</span> <span class='ocrx_word' id='word_1_420' title='bbox 1412 1839 1507 1871; x_wconf 87' lang='lat' dir='ltr'>einen</span> 
     </span>
     <span class='ocr_line' id='line_1_59' title="bbox 833 1884 1506 1925; baseline 0 -9"><span class='ocrx_word' id='word_1_421' title='bbox 833 1885 1085 1917; x_wconf 78' lang='lat' dir='ltr'>Stellvertreter</span> <span class='ocrx_word' id='word_1_422' title='bbox 1145 1884 1323 1916; x_wconf 78' lang='lat' dir='ltr'>ausffihreu</span> <span class='ocrx_word' id='word_1_423' title='bbox 1386 1885 1506 1925; x_wconf 85' lang='lat' dir='ltr'>lassen,</span> 
     </span>
     <span class='ocr_line' id='line_1_60' title="bbox 834 1930 1507 1972; baseline 0.003 -12"><span class='ocrx_word' id='word_1_424' title='bbox 834 1931 900 1971; x_wconf 72' lang='lat' dir='ltr'>vgl.</span> <span class='ocrx_word' id='word_1_425' title='bbox 937 1942 964 1962; x_wconf 89' lang='lat' dir='ltr'>c.</span> <span class='ocrx_word' id='word_1_426' title='bbox 999 1932 1052 1972; x_wconf 76' lang='grc'>34,</span> <span class='ocrx_word' id='word_1_427' title='bbox 1090 1933 1138 1963; x_wconf 76' lang='lat'>14.</span> <span class='ocrx_word' id='word_1_428' title='bbox 1173 1949 1217 1952; x_wconf 97' lang='lat'><strong>—</strong></span> <span class='ocrx_word' id='word_1_429' title='bbox 1240 1932 1424 1970; x_wconf 65' lang='lat' dir='ltr'>suburban„</span> <span class='ocrx_word' id='word_1_430' title='bbox 1456 1930 1507 1962; x_wconf 85' lang='grc'>(116</span> 
     </span>
     <span class='ocr_line' id='line_1_61' title="bbox 832 1975 1506 2008; baseline 0 -1"><span class='ocrx_word' id='word_1_431' title='bbox 832 1975 956 2008; x_wconf 80' lang='lat' dir='ltr'>Hiisten</span> <span class='ocrx_word' id='word_1_432' title='bbox 984 1987 1048 2007; x_wconf 86' lang='lat' dir='ltr'>von</span> <span class='ocrx_word' id='word_1_433' title='bbox 1082 1975 1211 2007; x_wconf 87' lang='lat' dir='ltr'>Latium</span> <span class='ocrx_word' id='word_1_434' title='bbox 1245 1977 1310 2007; x_wconf 91' lang='lat' dir='ltr'>und</span> <span class='ocrx_word' id='word_1_435' title='bbox 1340 1975 1506 2007; x_wconf 84' lang='lat' dir='ltr'>Etrurien.</span> 
     </span>
     <span class='ocr_line' id='line_1_62' title="bbox 836 2023 1503 2063; baseline -0.001 -9"><span class='ocrx_word' id='word_1_436' title='bbox 836 2024 1007 2055; x_wconf 68' lang='lat' dir='ltr'>—Pc&#39;eewo</span> <span class='ocrx_word' id='word_1_437' title='bbox 1032 2034 1091 2063; x_wconf 67' lang='grc' dir='ltr'>αφ,</span> <span class='ocrx_word' id='word_1_438' title='bbox 1119 2032 1145 2053; x_wconf 85' lang='grc'>6.</span> <span class='ocrx_word' id='word_1_439' title='bbox 1178 2024 1228 2059; x_wconf 81' lang='grc'>14,</span> <span class='ocrx_word' id='word_1_440' title='bbox 1262 2023 1503 2063; x_wconf 75' lang='lat' dir='ltr'>3.——cowquz‘s.</span> 
     </span>
     <span class='ocr_line' id='line_1_63' title="bbox 834 2069 1507 2107; baseline 0.003 -9"><span class='ocrx_word' id='word_1_441' title='bbox 834 2079 874 2099; x_wconf 82' lang='lat' dir='ltr'>m.</span> <span class='ocrx_word' id='word_1_442' title='bbox 908 2070 956 2107; x_wconf 74' lang='grc'>11,,</span> <span class='ocrx_word' id='word_1_443' title='bbox 992 2078 1016 2099; x_wconf 84' lang='lat' dir='ltr'>s.</span> <span class='ocrx_word' id='word_1_444' title='bbox 1051 2069 1104 2106; x_wconf 82' lang='lat'>25,</span> <span class='ocrx_word' id='word_1_445' title='bbox 1134 2069 1165 2105; x_wconf 85' lang='lat'>5,</span> <span class='ocrx_word' id='word_1_446' title='bbox 1195 2069 1252 2105; x_wconf 74' lang='lat'>193</span> <span class='ocrx_word' id='word_1_447' title='bbox 1281 2069 1335 2107; x_wconf 86' lang='lat'>27,</span> <span class='ocrx_word' id='word_1_448' title='bbox 1367 2069 1417 2106; x_wconf 83' lang='lat'>11,</span> <span class='ocrx_word' id='word_1_449' title='bbox 1448 2069 1507 2106; x_wconf 82' lang='lat'>153</span> 
     </span>
     <span class='ocr_line' id='line_1_64' title="bbox 835 2112 1507 2144; baseline 0 -1"><span class='ocrx_word' id='word_1_450' title='bbox 835 2113 906 2144; x_wconf 89' lang='lat' dir='ltr'>eine</span> <span class='ocrx_word' id='word_1_451' title='bbox 935 2113 967 2143; x_wconf 92' lang='lat' dir='ltr'>in</span> <span class='ocrx_word' id='word_1_452' title='bbox 992 2112 1108 2144; x_wconf 88' lang='lat' dir='ltr'>Zeiten</span> <span class='ocrx_word' id='word_1_453' title='bbox 1134 2113 1192 2144; x_wconf 83' lang='lat' dir='ltr'>der</span> <span class='ocrx_word' id='word_1_454' title='bbox 1216 2112 1306 2144; x_wconf 80' lang='lat' dir='ltr'>Noth</span> <span class='ocrx_word' id='word_1_455' title='bbox 1334 2112 1507 2144; x_wconf 83' lang='lat' dir='ltr'>bisweilen</span> 
     </span>
     <span class='ocr_line' id='line_1_65' title="bbox 834 2158 1506 2199; baseline 0 -10"><span class='ocrx_word' id='word_1_456' title='bbox 834 2159 1056 2199; x_wconf 81' lang='lat' dir='ltr'>angeordnete</span> <span class='ocrx_word' id='word_1_457' title='bbox 1104 2158 1304 2199; x_wconf 83' lang='lat' dir='ltr'>Aushcbung</span> <span class='ocrx_word' id='word_1_458' title='bbox 1352 2158 1383 2189; x_wconf 93' lang='lat' dir='ltr'>in</span> <span class='ocrx_word' id='word_1_459' title='bbox 1436 2159 1506 2190; x_wconf 87' lang='lat' dir='ltr'>dem</span> 
     </span>
     <span class='ocr_line' id='line_1_66' title="bbox 835 2203 1506 2239; baseline -0.001 -4"><span class='ocrx_word' id='word_1_460' title='bbox 835 2203 946 2235; x_wconf 88' lang='lat' dir='ltr'>Laude</span> <span class='ocrx_word' id='word_1_461' title='bbox 982 2204 1102 2239; x_wconf 78' lang='lat' dir='ltr'>selbst,</span> <span class='ocrx_word' id='word_1_462' title='bbox 1140 2205 1299 2235; x_wconf 72' lang='lat' dir='ltr'>Wiihrend</span> <span class='ocrx_word' id='word_1_463' title='bbox 1331 2208 1422 2235; x_wconf 85' lang='lat' dir='ltr'>sonst</span> <span class='ocrx_word' id='word_1_464' title='bbox 1455 2203 1506 2234; x_wconf 87' lang='lat' dir='ltr'>die</span> 
     </span>
     <span class='ocr_line' id='line_1_67' title="bbox 834 2248 1507 2290; baseline 0 -11"><span class='ocrx_word' id='word_1_465' title='bbox 834 2248 1059 2290; x_wconf 77' lang='lat' dir='ltr'>kriegsf&#39;ahige</span> <span class='ocrx_word' id='word_1_466' title='bbox 1086 2248 1293 2281; x_wconf 81' lang='lat' dir='ltr'>Mannschaft</span> <span class='ocrx_word' id='word_1_467' title='bbox 1318 2250 1402 2280; x_wconf 81' lang='lat' dir='ltr'>nach</span> <span class='ocrx_word' id='word_1_468' title='bbox 1426 2248 1507 2279; x_wconf 87' lang='lat' dir='ltr'>Rom</span> 
     </span>
     <span class='ocr_line' id='line_1_68' title="bbox 834 2293 1505 2335; baseline -0.001 -10"><span class='ocrx_word' id='word_1_469' title='bbox 834 2293 1004 2335; x_wconf 84' lang='lat' dir='ltr'>gesordert</span> <span class='ocrx_word' id='word_1_470' title='bbox 1028 2295 1122 2326; x_wconf 83' lang='lat' dir='ltr'>wird.</span> <span class='ocrx_word' id='word_1_471' title='bbox 1177 2294 1253 2326; x_wconf 81' lang='lat' dir='ltr'>wie</span> <span class='ocrx_word' id='word_1_472' title='bbox 1281 2293 1454 2333; x_wconf 82' lang='lat' dir='ltr'>Hannibal,</span> <span class='ocrx_word' id='word_1_473' title='bbox 1481 2304 1505 2325; x_wconf 88' lang='grc'>5.</span> 
     </span>
     <span class='ocr_line' id='line_1_69' title="bbox 835 2339 1506 2381; baseline -0.001 -10"><span class='ocrx_word' id='word_1_474' title='bbox 835 2350 862 2371; x_wconf 91' lang='lat' dir='ltr'>c.</span> <span class='ocrx_word' id='word_1_475' title='bbox 888 2341 942 2380; x_wconf 86' lang='lat'>30,</span> <span class='ocrx_word' id='word_1_476' title='bbox 973 2342 999 2381; x_wconf 86' lang='lat'>1,</span> <span class='ocrx_word' id='word_1_477' title='bbox 1027 2340 1095 2372; x_wconf 86' lang='lat' dir='ltr'>sein</span> <span class='ocrx_word' id='word_1_478' title='bbox 1115 2339 1200 2371; x_wconf 86' lang='lat' dir='ltr'>Heer</span> <span class='ocrx_word' id='word_1_479' title='bbox 1219 2339 1359 2380; x_wconf 85' lang='lat' dir='ltr'>getheilt</span> <span class='ocrx_word' id='word_1_480' title='bbox 1378 2340 1447 2381; x_wconf 80' lang='lat' dir='ltr'>hat,</span> <span class='ocrx_word' id='word_1_481' title='bbox 1470 2349 1506 2370; x_wconf 89' lang='grc'>50</span> 
     </span>
     <span class='ocr_line' id='line_1_70' title="bbox 833 2385 1506 2417; baseline -0.001 0"><span class='ocrx_word' id='word_1_482' title='bbox 833 2386 948 2417; x_wconf 87' lang='lat' dir='ltr'>sendet</span> <span class='ocrx_word' id='word_1_483' title='bbox 981 2387 1064 2416; x_wconf 89' lang='lat' dir='ltr'>auch</span> <span class='ocrx_word' id='word_1_484' title='bbox 1097 2386 1154 2416; x_wconf 84' lang='lat' dir='ltr'>der</span> <span class='ocrx_word' id='word_1_485' title='bbox 1186 2385 1287 2416; x_wconf 81' lang='lat' dir='ltr'>Senat</span> <span class='ocrx_word' id='word_1_486' title='bbox 1320 2385 1404 2416; x_wconf 84' lang='lat' dir='ltr'>nach</span> <span class='ocrx_word' id='word_1_487' title='bbox 1429 2394 1506 2416; x_wconf 78' lang='lat' dir='ltr'>ver-</span> 
     </span>
     <span class='ocr_line' id='line_1_71' title="bbox 833 2429 1506 2470; baseline -0.001 -9"><span class='ocrx_word' id='word_1_488' title='bbox 833 2430 1029 2462; x_wconf 88' lang='lat' dir='ltr'>schiedenen</span> <span class='ocrx_word' id='word_1_489' title='bbox 1076 2430 1187 2462; x_wconf 85' lang='lat' dir='ltr'>Seiten</span> <span class='ocrx_word' id='word_1_490' title='bbox 1243 2430 1294 2461; x_wconf 91' lang='lat' dir='ltr'>die</span> <span class='ocrx_word' id='word_1_491' title='bbox 1351 2429 1506 2470; x_wconf 80' lang='lat' dir='ltr'>no&#39;thigen</span> 
     </span>
     <span class='ocr_line' id='line_1_72' title="bbox 834 2474 1508 2517; baseline -0.001 -10"><span class='ocrx_word' id='word_1_492' title='bbox 834 2475 1002 2517; x_wconf 86' lang='lat' dir='ltr'>Truppen:</span> <span class='ocrx_word' id='word_1_493' title='bbox 1040 2475 1091 2507; x_wconf 90' lang='lat' dir='ltr'>die</span> <span class='ocrx_word' id='word_1_494' title='bbox 1124 2475 1240 2507; x_wconf 86' lang='lat' dir='ltr'>beiden</span> <span class='ocrx_word' id='word_1_495' title='bbox 1276 2474 1419 2507; x_wconf 91' lang='lat' dir='ltr'>Consuln</span> <span class='ocrx_word' id='word_1_496' title='bbox 1442 2475 1508 2506; x_wconf 87' lang='lat' dir='ltr'>und</span> 
     </span>
     <span class='ocr_line' id='line_1_73' title="bbox 835 2519 1508 2553; baseline -0.003 0"><span class='ocrx_word' id='word_1_497' title='bbox 835 2520 1012 2553; x_wconf 83' lang='lat' dir='ltr'>Marcellus</span> <span class='ocrx_word' id='word_1_498' title='bbox 1039 2521 1212 2553; x_wconf 88' lang='lat' dir='ltr'>umstellen</span> <span class='ocrx_word' id='word_1_499' title='bbox 1236 2521 1301 2552; x_wconf 90' lang='lat' dir='ltr'>und</span> <span class='ocrx_word' id='word_1_500' title='bbox 1325 2519 1508 2553; x_wconf 67' lang='grc' dir='ltr'>1165011111ῒί-</span> 
     </span>
     <span class='ocr_line' id='line_1_74' title="bbox 835 2565 1510 2608; baseline 0 -11"><span class='ocrx_word' id='word_1_501' title='bbox 835 2576 897 2607; x_wconf 84' lang='lat' dir='ltr'>gen</span> <span class='ocrx_word' id='word_1_502' title='bbox 930 2566 1091 2597; x_wconf 81' lang='lat' dir='ltr'>Hannibal</span> <span class='ocrx_word' id='word_1_503' title='bbox 1125 2566 1157 2598; x_wconf 92' lang='lat' dir='ltr'>in</span> <span class='ocrx_word' id='word_1_504' title='bbox 1191 2566 1408 2608; x_wconf 72' lang='lat' dir='ltr'>Campanien,</span> <span class='ocrx_word' id='word_1_505' title='bbox 1441 2565 1510 2598; x_wconf 77' lang='lat' dir='ltr'>Va-</span> 
     </span>
    </p>
   </div>
  </div>
 </body>
</html>
