1763 2983
65 184 89 205 a.
111 176 161 203 011.
182 178 241 203 aso.
294 154 296 157 ’
574 173 699 206 LIBER
724 172 778 207 v1.
821 173 913 206 CAP.
940 174 993 206 27.
1428 170 1480 209 59

69 279 161 330 spici
184 291 378 318 summam
400 278 497 317 aeris
519 276 641 316 alieni.
671 289 767 327 quae
789 276 1000 315 indicatura
1024 276 1073 314 sit
1095 276 1311 315 demersam
1333 279 1479 326 partem

70 348 90 374 a
116 340 223 387 parte
248 335 426 381 civitatis,
459 346 547 374 cum
579 334 733 372 interim
763 332 981 371 obaeratam
1010 332 1163 383 plebem
1192 330 1374 371 obiectari
1401 330 1482 369 aliis

70 398 184 443 atque
224 391 305 431 aliis
345 391 532 431 hostibus.
591 390 733 441 passim
774 389 850 427 iam
891 388 973 426 sine
1015 388 1092 427 ullo
1129 387 1349 427 discrimine
1385 386 1482 426 bella

68 448 216 501 quaeri:
247 447 292 486 ab
320 448 433 487 Antio
463 447 666 492 Satricum,
700 446 746 485 ab
776 444 922 484 Satrico
945 444 1116 490 Velitras,
1148 445 1237 483 inde
1265 443 1478 484 Tusculum

68 504 234 556 legiones
257 505 400 552 ductas,
423 503 567 543 Latinis
590 502 764 542 Hernicis
785 500 1043 540 Praenestinis
1070 501 1145 539 iam
1167 501 1348 540 intentari
1371 513 1476 539 arma

68 561 207 600 civium
239 561 359 612 magis
389 573 505 612 quam
539 560 710 599 hostium
744 558 843 600 odio,
879 562 923 596 ut
957 557 994 595 in
1022 557 1139 595 armis
1172 562 1298 597 terant
1327 557 1479 608 plebem

67 631 137 657 nec
157 617 345 670 respirare
375 618 411 656 in
433 617 529 656 urbe
558 621 623 656 aut
643 628 711 668 per
738 615 860 654 otium
882 613 1068 652 libertatis
1096 613 1320 652 meminisse
1353 614 1482 652 sinant

67 679 132 714 aut
152 674 366 714 consistere
387 674 426 713 in
447 673 640 719 contione,
667 672 733 712 ubi
754 671 958 722 aliquando
980 670 1137 709 audiant
1157 682 1290 709 vocem
1313 670 1479 708 tribuni-

68 732 165 771 ciam
187 731 233 770 de
254 731 412 771 levando
428 731 561 770 fenore
584 735 621 768 et
638 730 712 768 fine
733 728 895 768 aliarum
912 727 1137 766 iniuriarum
1161 731 1350 777 agentem.
1375 726 1480 777 quod

70 789 102 827 si
122 788 171 827 sit
190 788 342 827 animus
359 788 459 839 plebi
481 798 632 826 memor
653 790 806 837 patrum
824 784 1021 823 libertatis.
1043 796 1084 822 se
1106 795 1179 822 nec
1200 783 1323 822 addici
1345 795 1483 833 quem-

71 857 185 896 quam
215 844 336 884 civem
364 845 584 884 Romanum
617 843 665 881 ob
698 842 882 881 creditam
914 841 1115 892 pecuniam
1147 851 1330 891 passuros
1358 850 1484 889 neque

71 901 252 940 dilectum
273 901 415 946 haberi,
443 901 567 940 donec
595 900 768 951 inspecto
792 910 877 937 aere
900 898 1022 936 alieno
1045 897 1216 947 initaque
1237 895 1386 935 ratione
1409 895 1485 934 mi-

71 958 212 997 nuendi
232 957 314 997 eius
335 958 429 997 sciat
449 969 550 996 unus
573 957 750 1008 quisque,
780 954 872 1006 quid
894 954 965 1000 sui,
998 954 1089 1005 quid
1112 952 1224 991 alieni
1247 952 1314 999 sit,
1346 963 1485 1002 super—

72 1015 120 1054 sit
155 1014 227 1053 sibi
253 1014 418 1054 liberum
447 1026 601 1065 corpus,
638 1025 686 1051 an
713 1013 749 1051 id
781 1023 935 1063 quoque
957 1023 1075 1050 nervo
1103 1010 1299 1048 debeatur.
1333 1020 1483 1047 merces

73 1071 271 1110 seditionis
292 1071 490 1122 proposita
522 1069 728 1109 confestim
756 1068 986 1107 seditionem
1010 1067 1199 1106 excitavit.
1244 1077 1335 1105 nam
1358 1070 1395 1103 et
1415 1064 1484 1103 ad-

74 1128 297 1166 dicebantur
326 1127 448 1173 multi,
480 1131 517 1165 et
546 1126 591 1164 ad
614 1124 853 1164 Praenestini
881 1124 1024 1163 famam
1054 1123 1143 1162 belli
1172 1134 1292 1162 novas
1314 1122 1484 1173 legiones

74 1183 292 1223 scribendas
313 1189 441 1235 patres
468 1186 717 1228 censuerant,
749 1193 845 1232 quae
866 1185 1030 1232 utraque
1056 1180 1172 1218 simul
1193 1179 1333 1218 auxilio
1355 1178 1481 1217 tribu-

76 1241 174 1279 nicio
196 1244 234 1278 et
256 1252 447 1279 consensu
474 1239 593 1291 plebis
621 1238 785 1289 inpediri
807 1242 960 1288 coepta:
999 1248 1089 1275 nam
1120 1248 1246 1287 neque
1267 1234 1354 1274 duci
1376 1233 1484 1273 addi-

76 1303 158 1336 ctos
178 1296 325 1335 tribuni
352 1296 540 1341 sinebant,
571 1307 697 1346 neque
724 1294 893 1333 iuniores
920 1293 1079 1332 nomina
1101 1293 1254 1331 dabant.
1305 1304 1395 1330 enm
1417 1303 1484 1343 pa-

75 1353 196 1391 tribus
219 1352 346 1391 minor
365 1355 402 1391 in
423 1363 606 1403 praesens
629 1363 717 1390 cura
740 1350 906 1390 creditae
928 1349 1111 1400 pecuniae
1133 1349 1227 1388 iuris
1252 1347 1487 1399 exsequendi

77 1461 157 1492 ritiit
195 1461 391 1502 angelegten
425 1459 743 1500 Schiitzungslisten,

816 1460 1003 1498 Praenest.,
1020 1458 1084 1489 wie
1099 1468 1126 1489 c.
1143 1458 1197 1496 21,
1212 1458 1248 1497 23
1262 1457 1329 1498 vgl.
1345 1467 1372 1488 c.
1388 1457 1442 1497 32,
1457 1457 1487 1487 4.

77 1506 211 1545 welche,
229 1507 269 1537 du
286 1506 343 1537 das
358 1506 543 1546 x'emnijgen
556 1505 650 1546 jedes
666 1505 744 1536 Ein-

816 1523 858 1527 -—
873 1504 1033 1536 libertatis
1048 1508 1123 1543 etc„
1138 1504 1168 1543 4,
1184 1504 1237 1541 58,
1257 1503 1304 1535 12.
1322 1521 1362 1524 —
1382 1503 1487 1533 consi-

77 1552 191 1583 zelnen
206 1552 376 1592 (ezlt'usque
391 1562 416 1582 s.
432 1552 462 1593 4,
478 1551 530 1588 58,
551 1552 605 1590 133
622 1552 674 1590 45,
691 1551 743 1590 38,

85 1598 130 1634 12)
150 1596 362 1637 eingetragen
376 1596 500 1636 wurde,
517 1596 650 1637 Zeugen
669 1596 743 1627 des—

77 1641 206 1681 selben,
230 1641 301 1672 hier
326 1642 384 1673 der
410 1641 663 1682 Verschuldung
686 1641 745 1672 der

77 1687 189 1725 Plebs,
213 1697 343 1727 waren,
367 1697 393 1718 s.
418 1686 544 1718 Becker
566 1686 596 1725 2,
619 1687 649 1726 2,
668 1686 744 1718 206.

77 1732 137 1764 nie
155 1732 261 1763 stelle
279 1732 343 1763 und
361 1732 380 1774 ξ
400 1733 418 1764 8
438 1732 567 1773 zeigen,
593 1733 668 1763 dass
692 1732 744 1762 bei

76 1778 135 1809 der
157 1777 392 1818 Absch'atzung
421 1778 491 1809 dem
517 1776 644 1808 Censor
673 1777 745 1808 eine

77 1823 290 1862 Berechnung
312 1823 369 1854 des
388 1822 503 1854 Activ-
530 1823 593 1854 und
610 1821 745 1853 Passiv-

78 1868 252 1901 bestandes
267 1868 442 1908 vorgelegt
451 1869 575 1907 wurde,
588 1868 744 1899 wodurch

72 1914 208 1955 jedoch,
238 1913 278 1944 da
308 1914 367 1944 der
395 1914 530 1953 geringe
555 1913 663 1944 Besitz
686 1913 746 1944 der

77 1969 214 2000 grosseti
244 1957 415 1989 Mehrzahl
445 1959 503 1989 der
532 1957 685 1999 Plebejer
714 1958 744 1989 in

79 2003 381 2044 Grundeigenthum
404 2003 560 2043 bestand,
587 2004 651 2034 und
675 2003 746 2034 die-

79 2060 141 2091 ses,
156 2059 250 2080 wenn
265 2049 347 2080 auch
361 2049 586 2089 verschuldet,
604 2049 647 2080 im
662 2049 745 2080 Cen-

80 2105 134 2126 sus
153 2094 341 2135 angegeben
359 2095 491 2126 werden
510 2099 653 2134 musste,
677 2104 745 2125 we-

81 2140 134 2180 nig
157 2138 307 2180 geholfen
336 2140 471 2171 werden
497 2139 629 2171 konnte.
669 2139 746 2171 Man

80 2185 207 2217 scheint
221 2185 321 2216 daher
336 2185 410 2216 eine
420 2184 604 2224 Massregel
618 2185 682 2216 wie
696 2184 746 2216 sie

80 2232 111 2270 6,
125 2231 178 2269 35,
192 2231 212 2261 4
231 2230 495 2270 vorgeschlagen
512 2231 591 2261 oder
604 2230 668 2262 wie
682 2230 746 2269 die,

79 2275 205 2307 welche
220 2275 250 2315 7,
266 2275 303 2308 21
322 2275 519 2316 ausgefiihrt
531 2275 629 2314 xvii-d,
648 2275 746 2306 sehon

76 2320 162 2361 jetzt
176 2319 346 2361 gesordert
360 2331 399 2351 zu
412 2320 528 2352 haben.
542 2340 582 2343 —-
592 2331 748 2354 mwsam.

81 2376 108 2397 c.
132 2366 179 2405 17,
199 2366 228 2397 2.
246 2384 288 2388 -—
305 2376 377 2397 eam
397 2368 469 2405 int„
488 2377 514 2397 c.
536 2366 586 2405 11,
605 2366 635 2398 4.

128 2411 224 2443 7-8.
249 2412 387 2453 passim,
406 2411 546 2448 iiberall,
561 2421 611 2442 wo
627 2422 661 2443 es
676 2411 748 2442 dem

82 2455 202 2487 Senate
239 2456 377 2488 beliebe.
426 2456 487 2488 Die
519 2456 749 2495 Zustiinmung

83 2501 140 2531 des
169 2500 294 2532 N'olkes
323 2501 367 2533 ist
396 2502 616 2543 iibergangen.
642 2520 687 2524 -—-
709 2502 750 2531 ab

84 2547 187 2577 Antio
207 2551 284 2585 ete„
308 2547 391 2578 ohne
414 2556 539 2588 genaue
562 2547 750 2586 Beachtung

84 2591 142 2622 der
156 2590 416 2631 Zeitfolge,s.c.
434 2592 649 2631 237393213
667 2591 750 2622 22.-

817 1552 920 1588 stere,
950 1549 1027 1580 weil
1057 1558 1130 1579 man
1159 1548 1192 1579 in
1217 1549 1278 1579 den
1304 1547 1486 1579 Contionen

818 1595 923 1626 stand.
949 1613 992 1617 —
1018 1603 1160 1634 memor,
1195 1593 1253 1633 22,
1282 1593 1340 1633 25,
1371 1594 1419 1625 10.
1447 1612 1488 1615 ——

817 1640 927 1671 addit-i
953 1644 1029 1679 etc.‚
1067 1639 1114 1670 sie
1143 1639 1266 1670 wollen
1295 1648 1398 1679 gegen
1432 1639 1489 1669 das

819 1685 957 1717 Gericht
980 1684 1087 1716 selbst
1110 1684 1190 1715 oder
1214 1694 1315 1725 gegen
1342 1683 1489 1724 gericht-

818 1731 905 1762 liche
930 1729 1277 1761 Schuldexecutionen
1300 1728 1489 1771 Einspruch

818 1777 908 1814 thun,
927 1776 958 1816 3,
974 1776 1025 1815 59,
1042 1775 1070 1806 2.
1088 1794 1130 1797 —-
1148 1776 1295 1816 initaque
1312 1784 1338 1805 r.
1359 1785 1417 1813 m„
1435 1773 1489 1805 die

819 1833 845 1853 c.
871 1822 924 1860 35,
942 1822 962 1852 4
992 1820 1276 1861 vorgeschlagene
1305 1819 1491 1859 Massregel

819 1867 902 1898 wird
928 1866 1139 1906 angedeutet.
1158 1885 1201 1887 —-
1226 1864 1307 1906 quid
1326 1866 1391 1902 sui,
1420 1874 1489 1895 was

820 1912 889 1943 sein
908 1911 1102 1943 wirkliches
1118 1910 1316 1951 Eigenthum
1336 1909 1395 1949 sei,
1420 1920 1489 1941 was

819 1968 857 1989 er
873 1967 913 1989 an
931 1957 985 1988 die
1001 1956 1185 1996 Gliiubiger
1201 1956 1353 1987 abtreten
1371 1955 1490 1993 miisse,

819 2014 844 2034 s.
870 2014 896 2033 e.
924 2002 976 2041 2o,
1001 2003 1030 2033 (5.
1058 2020 1098 2024 ——
1124 2002 1266 2033 liberum.
1290 2012 1328 2041 c,
1356 2000 1395 2031 ob
1421 2000 1491 2031 sein

822 2048 1006 2088 Vermiigen
1032 2057 1092 2078 zur
1116 2046 1275 2087 Deckung
1297 2047 1357 2078 der
1375 2045 1491 2077 Schul-

820 2094 880 2124 ‹len
905 2092 1095 2130 ausi-eiche,
1129 2092 1210 2123 oder
1235 2102 1272 2123 er
1294 2092 1324 2122 in
1353 2091 1491 2123 Schuld-

821 2136 1050 2170 knechtschaft
1069 2138 1139 2169 sich
1154 2137 1299 2178 begeben
1314 2137 1435 2168 iniisse.
1450 2154 1492 2159 -—

820 2194 931 2223 nervo,
949 2194 974 2214 s.
994 2194 1021 2214 c.
1047 2185 1096 2223 11,
1115 2182 1146 2213 8.

866 2229 988 2261 9—11.
1012 2239 1101 2267 nam,
1123 2228 1191 2268 das,
1214 2237 1283 2259 was
1301 2227 1350 2259 als
1370 2226 1491 2257 Erklii-

822 2284 905 2314 rung
932 2272 1147 2314 hinzugefiigt
1169 2273 1303 2304 werden
1334 2272 1415 2311 soll,
1451 2272 1493 2302 ist

823 2320 854 2350 in
873 2320 934 2350 den
955 2319 1172 2358 Relativsatz,
1198 2319 1256 2349 der
1279 2318 1383 2348 durch
1399 2327 1493 2347 nam-

822 2376 881 2406 que
895 2369 956 2395 etc.
972 2364 1090 2395 weiter
1104 2362 1301 2404 ausgefiihrt
1311 2362 1409 2400 wird,
1423 2361 1493 2393 auf-

822 2419 1030 2451 genonnnen3
1049 2409 1177 2449 logisch
1191 2408 1264 2439 sind
1281 2411 1311 2439 et
1327 2407 1433 2439 addie.
1450 2425 1492 2429 -

823 2458 852 2486 et
879 2474 922 2477 μ
952 2465 1102 2486 censuer.
1144 2453 1368 2485 Nebens'atze:
1403 2462 1491 2487 nam,

823 2511 896 2532 enm
915 2518 958 2522 —
974 2501 1193 2540 censuissent,
1211 2501 1352 2539 utraque
1371 2501 1433 2528 etc.
1451 2514 1493 2518 —

824 2545 1044 2584 addicebant„
1077 2555 1106 2575 c.
1130 2545 1179 2582 14,
1201 2543 1258 2580 1ος
1292 2553 1327 2574 es
1350 2540 1493 2582 geschah

825 2591 906 2622 ohne
922 2589 1050 2630 Ersolg.
1066 2607 1108 2611 --
1122 2590 1234 2620 ηιιίιοι·
1250 2589 1283 2618 ln
1298 2597 1423 2630 praes„
1442 2585 1493 2616 dio

1513 1015 1532 1044 Ε)

1520 1234 1556 1264 10
