1763 2983
143 229 168 248 a,
190 220 239 248 (Ίι,
260 220 319 246 319.

648 218 771 251 LIBER
791 219 849 251 lx.
888 219 979 251 CAP.
1002 220 1051 253 18.

1473 218 1554 259 307

135 336 202 362 rex
224 322 449 368 Alexander,
472 321 704 372 absumptus
727 329 819 360 erat.
864 322 910 360 Et
931 322 1129 373 loquimur
1151 321 1424 361 deAlexandro
1444 332 1548 360 non·
1577 326 1628 364 18

135 381 227 419 dum
250 391 378 418 merso
399 378 580 417 secundis
601 378 730 424 rebus,
754 390 920 429 quarum
938 390 1054 417 nemo
1073 379 1345 418 intolerantior
1361 378 1446 418 fuit.
1482 378 1548 430 qui

135 437 165 475 si
188 449 233 474 ex
257 436 386 475 habitu
410 448 530 474 novae
552 438 732 474 fortunae
756 435 938 486 novique,
961 440 1005 474 ut
1027 436 1078 474 ita
1101 436 1238 482 dicam,
1264 435 1418 488 ingenii,
1442 435 1547 488 quod

133 492 206 532 sibi
229 493 348 532 victor
369 492 561 539 induerat,
584 496 794 543 spectetur,
817 491 941 530 Dareo
964 493 1085 542 magis
1103 492 1239 532 similis
1254 505 1371 544 quam
1381 493 1545 532 Alexan-
1575 502 1595 534 3

134 550 202 588 dro
224 549 262 587 iu
286 549 430 588 [taliam
453 549 634 596 venisset,
665 554 703 587 et
725 548 941 587 exercitum
963 548 1210 588 Macedoniae
1239 549 1404 589 oblitum
1427 550 1547 601 dege-

135 612 416 658 nerantemque
435 607 508 645 iam
527 606 565 645 in
582 606 789 645 Persarum
807 617 936 644 mores
955 605 1190 645 adduxisset.
1216 607 1362 645 referre
1380 606 1420 644 in
1436 612 1544 646 tanto
1574 618 1594 649 4

134 675 222 713 rege
244 663 347 714 piget
368 663 577 714 superbam
601 662 857 702 mutationem
881 663 999 701 vestis
1029 667 1067 701 ct
1098 662 1338 702 desideratas
1358 663 1467 702 humi
1491 663 1546 702 ia-

134 720 304 759 centium
327 720 578 765 adulationes,
601 720 716 759 etiam
740 720 848 758 victis
865 719 1142 758 Macedonibus
1162 731 1310 771 graves,
1326 719 1472 759 nedum
1490 721 1547 759 vi-

134 777 316 825 ctoribuS,
339 782 377 816 et
397 777 510 816 foeda
532 777 719 828 supplicia
741 782 779 816 et
810 776 912 815 inter
934 776 1065 816 vinum
1089 782 1127 816 et
1145 777 1276 828 epulas
1293 776 1431 816 caedes
1448 777 1547 816 ami-

135 846 267 873 corum
291 838 329 873 et
351 834 557 873 vanitatem
581 834 854 873 ementiendae
876 833 1021 885 stirpis.
1064 832 1186 885 quid?
1223 834 1256 872 si
1278 833 1355 872 vini
1375 846 1486 872 amor
1507 834 1546 873 in

134 892 217 930 dies
234 891 344 930 fieret
360 892 496 938 acrior,
516 889 638 944 quid?
657 891 790 930 sitrux
800 904 842 930 ac
859 890 1100 942 praefervida
1118 891 1172 930 ira
1188 913 1241 919 —
1260 891 1551 943 necquicquam

135 948 293 987 dubium
316 948 419 987 inter
440 949 649 1000 scriptores
671 949 801 987 refero
822 971 890 995 —-,
914 949 1072 987 nullane
1094 948 1191 987 haec
1208 947 1350 987 damna
1380 948 1551 999 impera-

135 1005 241 1044 toriis
263 1006 468 1045 virtutibus
491 1004 699 1044 ducimus?
742 1006 779 1044 id
801 1018 891 1044 vero
913 1005 1130 1057 periculum
1153 1010 1245 1053 erat,
1269 1005 1375 1057 quod
1397 1005 1549 1044 levissi-

138 1062 188 1100 mi
212 1075 256 1101 ex
279 1062 446 1110 Graecis,
480 1062 542 1114 qui
566 1063 799 1102 Parthorum
822 1075 979 1114 quoque
1001 1068 1138 1102 contra
1158 1074 1305 1102 nomen
1326 1062 1547 1102 Romanum

186 1189 334 1230 1—3.et‚
346 1190 407 1221 und
420 1200 521 1223 zwar.
534 1200 704 1228 —merso,
716 1189 744 1230 6,
754 1191 803 1232 14,

138 1235 168 1266 7.
188 1254 228 1257 —
247 1236 361 1267 habita
385 1247 447 1268 von
468 1237 540 1268 dem
556 1235 723 1269 Gewande
742 1238 804 1275 (in-

139 1280 266 1321 duerat,
295 1291 319 1312 3.
353 1282 386 1323 3,
404 1282 456 1321 33,
486 1282 515 1323 7,
533 1283 600 1322 vgl.
623 1283 654 1323 6,
677 1282 726 1321 18,
750 1283 801 1322 14)

146 1326 234 1357 nicht
266 1326 367 1358 allein
401 1327 460 1359 auf
478 1329 626 1369 jin-tuna
659 1328 802 1359 sondern

139 1372 220 1402 auch
249 1371 309 1402 auf
334 1373 394 1403 den
420 1371 517 1404 Geist
545 1373 802 1414 iibergetragen,

137 1417 255 1448 anders
284 1418 420 1450 habitus
447 1420 636 1450 animorum
666 1418 719 1458 32,
750 1419 802 1459 19,

136 1464 166 1494 ti.
191 1480 233 1484 ψ
256 1464 287 1493 si
311 1466 691 1506 spectetur—venisset,
720 1464 801 1496 kurz

136 1512 197 1539 st.:
216 1509 247 1538 si
260 1511 436 1551 spectetur,
455 1513 616 1552 appareat
632 1520 708 1541 eum
726 1520 802 1541 ven-

135 1554 389 1595 turmasuisse,
407 1557 438 1586 si
452 1556 604 1596 venisset,
623 1565 649 1587 s,
675 1556 729 1596 45,
748 1555 801 1596 37,

140 1601 166 1631 1.
184 1617 226 1622 -
241 1601 354 1642 magis
367 1602 454 1642 sim,
472 1600 505 1632 in
520 1601 676 1633 h'tiherem
691 1600 801 1633 Grade

136 1644 277 1677 iihnlieh.
295 1663 339 1668 —
356 1646 555 1679 Alea’amlro
582 1651 623 1678 st.
650 1647 724 1687 sibi,
748 1658 801 1679 um

135 1690 194 1721 den
210 1689 397 1732 Gegensatz
415 1702 454 1723 zu
470 1692 586 1724 heheu.
602 1710 645 1716 —
659 1692 800 1734 degene-

136 1739 263 1768 mntem
283 1741 359 1778 etc.‚
374 1739 475 1769 sehon
492 1738 524 1769 iu
538 1738 596 1770 der
609 1738 802 1779 Ausartung

136 1781 311 1822 begriffen,
340 1783 465 1815 welche
495 1793 529 1815 cs
560 1795 600 1816 zu
630 1784 690 1816 den
727 1794 800 1827 per-

136 1826 265 1860 sischen
285 1827 392 1860 Sitten
418 1828 535 1861 suhren
560 1835 702 1869 musste,
721 1831 799 1862 Tac.

136 1871 245 1905 Germ.
264 1875 323 1906 46:
345 1876 378 1906 ia
396 1874 634 1908 Sarmatammz
652 1876 798 1908 habitam

127 1919 330 1959 foedantur.

179 1965 276 1997 4—5.
302 1965 476 1999 desiderat.
491 1977 517 1997 c.
532 1977 576 2005 a.,
588 1966 794 2008 „dieForde-

135 2019 214 2051 rung
239 2010 449 2052 fussfiilliger
472 2011 737 2054 Huldigungen.“
755 2031 799 2036 ——

134 2055 356 2096 adulationes,
397 2058 456 2089 der
480 2057 678 2098 cigentliche
711 2058 799 2089 Aus-

135 2101 237 2133 druck
267 2102 319 2134 fiir
336 2103 388 2134 die
407 2103 714 2144 Ehrenbezeugung
739 2105 799 2135 der

136 2146 339 2188 orientalem,
358 2160 383 2180 s.
398 2148 449 2191 30,
469 2149 519 2189 16,
534 2150 570 2189 4;
590 2149 681 2182 Curt.
698 2150 728 2190 S,
747 2150 797 2190 17,

135 2192 169 2223 15:
186 2203 276 2225 more
289 2194 476 2226 Persarum
491 2193 688 2227 Macedonas
706 2206 798 2227 vene-

135 2238 300 2271 rabundos
327 2241 436 2283 ipsum
466 2240 624 2282 salutare,
645 2243 798 2284 proster—

133 2286 245 2315 nentes
269 2285 364 2317 lmmi
390 2295 530 2329 corpora
553 2287 794 2330 (προσκυνεῖν)

133 2328 261 2361 volebat.
285 2348 329 2354 —-
351 2332 445 2363 victis
468 2346 512 2357 =
535 2333 567 2363 si
587 2334 698 2363 essent
715 2333 800 2373 victi,

136 2374 166 2415 5,
185 2374 237 2414 36,
260 2378 310 2417 10,
327 2376 381 2417 21,
405 2376 459 2417 43,
479 2378 513 2408 5:
536 2379 688 2420 praemia
709 2379 802 2409 vobis

135 2430 174 2450 ea
194 2422 369 2453 victoribus
383 2424 547 2465 proponit.
567 2441 611 2445 —
627 2422 800 2466 supplicia,

134 2464 189 2497 des
202 2465 359 2507 Philotas,
378 2467 512 2508 Curt.6‚
527 2469 581 2509 44,
601 2470 800 2509 amicorum,

135 2520 160 2541 s.
182 2511 235 2552 31,
254 2512 306 2554 28,
330 2515 361 2554 5,
379 2514 436 2545 des
455 2512 580 2556 Hlitus,
606 2514 698 2546 Curt.
718 2515 748 2555 8,
767 2516 796 2555 5,

137 2556 187 2588 52.
207 2576 246 2579 —
266 2561 398 2591 vanitat.
416 2569 477 2591 em.
502 2562 556 2601 st„
583 2559 675 2591 Curt.
695 2560 726 2600 8,
749 2561 798 2600 17,

135 2604 171 2633 ῦς
190 2602 272 2635 Iovis
289 2605 397 2647 filium
414 2615 476 2636 non
502 2604 570 2636 dici
591 2607 720 2637 tantum
751 2616 796 2645 se,

133 2648 192 2679 sed
208 2651 306 2681 etiam
322 2650 412 2682 credi
422 2650 557 2682 volebat.
576 2669 617 2674 —
632 2650 721 2692 quid,
739 2660 798 2681 zur

882 1189 1092 1231 Einffihrung
1117 1189 1207 1222 eines
1232 1189 1453 1232 wichtigeren
1478 1189 1550 1223 Mo-

881 1241 1019 1268 mentes.
1043 1254 1086 1259 --
1106 1235 1219 1278 fieret,
1244 1236 1421 1275 geworden
1447 1236 1550 1278 wilre,

882 1282 948 1321 vgl.
968 1282 1114 1323 dagegen
1134 1281 1227 1314 curt.
1250 1282 1300 1322 10,
1318 1282 1369 1321 18,
1396 1281 1454 1313 34:
1479 1283 1550 1314 ira-

880 1326 1036 1358 cundiam
1053 1330 1087 1358 et
1103 1326 1292 1370 cupidinem
1308 1328 1379 1358 vini
1392 1328 1480 1359 sicut
1497 1329 1550 1359 iu-

882 1375 978 1404 venta
995 1375 1199 1412 irritaverat,
1223 1375 1270 1404 ita
1292 1375 1440 1404 senectus
1461 1375 1550 1404 mili-

875 1428 961 1460 gare
983 1420 1156 1461 potuisset.
1184 1436 1230 1441 —
1258 1429 1316 1450 nec
1342 1420 1447 1461 quicq,
1473 1423 1549 1458 etc.‚

878 1464 1036 1495 wahrend
1055 1475 1091 1496 so
1107 1464 1226 1497 Vieles
1257 1464 1338 1496 iiber
1355 1463 1550 1496 Alexander

877 1508 1024 1549 gefabelt
1048 1510 1175 1542 wurde.
1194 1528 1236 1532 —
1254 1510 1446 1552 virtutibus,
1470 1520 1495 1542 s.
1521 1521 1548 1541 c.

884 1555 933 1596 19,
953 1556 982 1587 7.

923 1601 1021 1632 6—7.
1040 1600 1078 1633 id
1087 1611 1127 1642 tn,
1145 1611 1173 1632 c.
1195 1601 1244 1641 17,
1268 1602 1316 1633 15.
1331 1619 1374 1623 ——
1388 1600 1552 1633 levissimi

881 1647 961 1678 weil
995 1645 1031 1678 L.
1072 1647 1126 1678 die
1159 1645 1323 1678 Griechen
1362 1646 1548 1689 iiberhaupt

882 1692 971 1724 nicht
987 1693 1071 1724 hoch
1089 1692 1195 1731 stelit,
1212 1703 1238 1734 s,
1257 1691 1287 1733 8,
1303 1691 1355 1732 22,
1373 1691 1408 1732 83
1427 1692 1480 1733 31,
1494 1693 1548 1732 44,

876 1738 906 1769 3.
943 1737 1238 1770 VVahrsclicinlich
1267 1737 1314 1769 ist
1344 1737 1395 1769 cin
1426 1737 1486 1770 mit
1509 1737 1546 1770 L.

875 1783 1128 1825 gleichzeitigen·
1154 1783 1382 1824 griechischer
1398 1783 1546 1815 Histori-

875 1829 935 1861 ker
960 1829 1114 1870 gemeint,
1141 1828 1353 1870 Timagenes,
1378 1839 1402 1860 s.
1430 1829 1546 1861 Senec.

876 1876 1034 1907 Controv.
1052 1875 1096 1915 X,
1111 1876 1169 1906 22:
1187 1874 1336 1915 (Craton)
1352 1885 1450 1918 saepe
1463 1874 1546 1906 sole-

875 1921 929 1952 bat
947 1920 1040 1964 apud
1063 1921 1245 1953 Caesarem
1268 1930 1340 1952 cum
1366 1919 1546 1962 Timagene

875 1967 1067 2008 confliget-c,
1103 1967 1235 1998 homine
1263 1964 1378 1997 acidae
1409 1965 1547 2009 linguae

873 2015 903 2043 et
919 2014 977 2054 qai
991 2014 1093 2043 nitriis
1110 2011 1195 2044 liber
1218 2014 1298 2043 crat.
1317 2030 1360 2034 —
1377 2022 1423 2043 ea:
1440 2014 1546 2055 capti-

876 2067 911 2089 vo
945 2068 1053 2099 cocus,
1076 2069 1123 2090 ea·
1155 2068 1226 2090 coco
1258 2057 1458 2097 [lecticarius
1489 2058 1543 2098 em]

872 2103 1039 2136 lecticario
1067 2114 1170 2146 usqae
1200 2105 1234 2135 ia
1260 2104 1448 2135 amicitiam
1466 2102 1545 2135 Cae-

872 2151 962 2181 saris
976 2149 1067 2192 felia:
1088 2160 1193 2193 usqae
1214 2159 1250 2180 eo
1275 2151 1453 2191 utramque
1469 2149 1544 2191 for-

872 2198 988 2226 tunam
1006 2197 1209 2238 contempsit,
1237 2196 1267 2226 et
1294 2196 1328 2225 ia
1346 2205 1410 2236 qua
1426 2197 1501 2227 erat
1516 2197 1546 2226 et

873 2242 904 2272 in
924 2251 987 2283 qua
1004 2242 1132 2282 fuerat,
1150 2243 1185 2273 ut
1202 2251 1275 2272 cam
1295 2239 1345 2271 illi
1367 2240 1484 2272 multis
1507 2239 1546 2271 de

872 2288 985 2318 causis
1020 2288 1128 2318 iratas
1160 2287 1283 2319 Cacsar
1313 2285 1545 2318 interdc‘oeisset

874 2331 980 2373 domo,
1010 2333 1215 2364 combureret
1242 2332 1405 2363 historias
1427 2341 1541 2363 rerum

873 2378 914 2409 ab
931 2377 986 2409 ilco
1001 2381 1190 2419 gestarum,
1210 2377 1274 2417 vgl.
1289 2376 1362 2408 Sen.
1385 2377 1424 2408 de
1442 2376 1493 2408 ira
1511 2377 1542 2416 3,

875 2422 935 2463 233
955 2423 1096 2466 Quintil.
1119 2424 1169 2464 10,
1194 2425 1220 2463 1,
1239 2423 1291 2454 75.
1335 2422 1463 2461 Dieser,
1489 2421 1542 2453 ein

873 2468 978 2500 Feind
996 2470 1053 2501 des
1073 2469 1244 2510 Augustus
1263 2468 1328 2498 und
1346 2468 1405 2499 der
1423 2466 1543 2499 Ro‘mer

873 2513 1067 2557 iiberhaupt,
1085 2515 1151 2555 vgl.
1173 2513 1248 2545 Seu.
1267 2512 1325 2554 Ep.
1348 2513 1398 2553 14,
1424 2512 1442 2544 3
1461 2512 1542 2553 (91),

875 2558 931 2592 13:
973 2559 1176 2602 Timagenes
1191 2558 1351 2601 felicitati
1365 2558 1460 2590 urbis
1476 2559 1541 2589 ini-

871 2606 980 2636 micas
996 2607 1104 2637 aiebat
1117 2605 1241 2637 Romae
1257 2604 1323 2635 sibi
1333 2602 1485 2635 incendia
1503 2603 1541 2633 ob

871 2651 928 2681 hoc
958 2661 1060 2683 unum
1091 2650 1197 2682 dolori
1219 2660 1299 2689 esse,
1328 2648 1414 2691 quod
1439 2651 1541 2680 sciret

1193 2717 1257 2753 20*

1578 389 1595 411 5)

1577 410 1595 420 ..ι

1578 846 1596 876 5

1579 1014 1598 1045 6
