1763 2983
49 87 52 89 -
93 118 123 136 a.
145 108 196 137 ch.
213 108 274 135 217.
310 118 313 121 ·

574 108 699 141 LIBER
716 107 827 142 XXII.
852 107 943 140 CAP.
969 110 1018 142 14.

1432 104 1512 146 183

94 214 244 264 integro
268 212 456 251 seditione
479 212 652 259 accensi;
675 211 903 263 quieverant
923 211 1026 250 enim
1047 222 1118 261 per
1137 221 1283 261 paucos
1296 208 1388 255 dies,
1413 207 1512 259 quia,
1531 213 1550 244 2

98 283 189 309 cum
221 269 384 308 celerius
415 269 526 307 solito
549 268 710 307 ductum
730 280 868 319 agmen
890 273 1001 315 esset,
1031 266 1204 306 festinari
1227 265 1274 304 ad
1295 264 1511 316 prohiben-

98 327 188 365 dam
209 325 524 377 populationibus
536 324 783 375 Campaniam
808 325 1059 363 crediderant.
1103 327 1146 362 ut
1165 335 1257 361 vero
1277 322 1318 360 in
1341 326 1513 360 extrema
1531 324 1550 356 3

93 384 183 434 iuga
202 381 352 422 Massici
381 381 523 419 montis
554 387 736 428 ventum,
769 386 806 419 et
836 381 967 420 hostes
990 380 1062 420 sub
1086 379 1208 419 oculis
1232 383 1341 417 erant
1358 378 1513 416 Falerni

95 439 176 490 agri
207 439 516 487 colonorumque
536 437 741 476 Sinuessae
760 442 858 476 tecta
878 443 1048 483 urentes,
1077 448 1151 475 nec
1172 436 1247 475 ulla
1267 439 1348 474 erat
1367 434 1511 473 mentio

96 507 269 547 pugnae,
298 499 587 544 „spectatumne
618 493 718 532 huc“
748 493 876 544 inquit
894 493 1085 533 Minucius
1106 492 1177 540 „ad
1198 504 1281 531 rem
1304 491 1512 530 fruendam
1531 498 1552 530 4

97 552 229 598 oculis,
256 551 453 589 sociorum
475 550 608 588 caedes
632 555 668 588 et
688 550 877 595 incendia,
898 547 1108 589 venimus?
1134 561 1218 595 nec,
1238 548 1269 586 si
1289 547 1432 586 nullius
1456 548 1512 586 al-

96 609 216 648 terius
232 619 317 654 nos,
346 619 395 645 ne
417 607 559 646 civium
580 606 737 657 quidem
758 607 902 645 horum
925 606 1056 657 pudet,
1080 617 1179 655 quos
1198 604 1422 644 Sinuessam
1444 616 1514 642 co-

96 665 210 703 lonos
242 670 369 714 patres
400 664 523 702 nostri
545 663 745 709 miserunt,
776 669 817 701 ut
835 662 882 701 ab
905 663 1074 702 Samnite
1098 662 1208 700 hoste
1230 666 1311 700 tuta
1331 661 1425 699 haec
1447 673 1514 699 ora

98 726 208 768 esset,
238 732 355 771 quam
384 732 490 758 nunc
520 732 601 758 non
622 719 772 758 vicinus
794 719 946 758 Samnis
969 720 1057 765 urit,
1087 718 1154 756 sed
1175 718 1332 756 Poenus
1355 717 1513 764 advena,
1534 730 1553 761 5

98 778 144 816 ab
177 776 357 816 extremis
390 776 494 815 orbis
517 782 710 815 terrarum
741 776 917 814 terminis
948 781 1080 814 nostra
1112 774 1356 812 cunctatione
1389 778 1425 811 et
1447 786 1513 812 so-

98 834 229 873 cordia
249 833 325 872 iam
346 832 422 870 huc
443 831 706 884 progressus?
725 837 876 871 tantum
897 830 991 882 pro!
1014 832 1294 882 degeneramus
1309 829 1515 881 apatribus
1535 838 1554 869 6

97 891 254 937 nostris,
286 894 328 927 ut
357 895 508 939 praeter
539 901 656 939 quam
686 901 814 939 nuper
845 901 954 927 oram
983 888 1035 927 illi
1068 899 1178 926 suam
1204 886 1370 925 Punicas
1389 886 1518 937 vagari

97 947 236 985 classes
260 946 427 984 dedecus
451 958 533 984 esse
555 946 708 996 imperii
729 946 788 984 sui
810 945 1004 991 duxerint,
1035 957 1118 983 eam
1140 956 1246 982 nunc
1268 943 1421 993 plenam
1442 943 1516 981 ho·-

96 1004 213 1042 stium
233 1002 570 1053 Numidarumque
601 1014 645 1040 ac
666 1002 893 1041 Maurorum
924 1002 999 1040 iam
1029 1003 1168 1040 factam
1189 997 1420 1038 videamus?
1451 999 1518 1049 qui
1537 1004 1554 1035 7

98 1060 215 1098 modo
236 1059 451 1110 Saguntum
473 1058 690 1110 oppugnari
712 1058 949 1110 indignando
976 1069 1057 1096 non
1078 1056 1257 1096 homines
1277 1062 1429 1095 tantum
1451 1056 1518 1094 sed

96 1171 154 1204 Sil.
172 1170 212 1202 It.
229 1172 258 1210 7,
277 1171 401 1208 21411“.;
423 1169 626 1211 Heerwagen
639 1180 772 1202 vermu-

99 1218 188 1249 thet:
216 1227 317 1256 prope
349 1215 408 1248 acb’
432 1218 612 1248 seditionem
652 1218 775 1248 accensi

96 1265 238 1304 quidam.
290 1265 444 1294 siluerant
483 1264 587 1299 Μῖνι,-
629 1260 771 1293 Putsche

97 1311 224 1341 ducente
255 1313 318 1339 tam
346 1319 459 1347 prope,
492 1310 528 1339 de
558 1310 680 1349 inteqro
709 1311 771 1339 ete.

97 1374 140 1380 -
167 1356 250 1385 enim
279 1353 370 1394 giebt
404 1354 465 1384 (1011
499 1351 612 1384 Grund
644 1363 709 1384 von
737 1355 773 1385 de

95 1402 215 1441 inteqro
243 1409 295 1431 an.

143 1447 241 1477 2—-5.
279 1447 420 1483 celerius,
457 1443 579 1475 Fabius
614 1443 692 1476 eilte
719 1454 772 1475 um

98 1490 150 1522 die
169 1490 270 1522 Piis-se
302 1500 360 1521 aus
378 1489 575 1531 Campanien
601 1490 685 1521 nach
707 1489 772 1521 La-

96 1536 178 1568 tium
204 1547 244 1567 zu
273 1536 438 1575 besetzeu,
470 1545 495 1566 s.
522 1546 547 1566 c.
576 1537 626 1573 15,
660 1537 708 1568 11.
731 1552 771 1557 -

98 1588 132 1613 ut
148 1593 230 1619 vero,
254 1581 381 1621 gleiche
401 1579 553 1621 Ans'ange
572 1591 635 1611 von
656 1580 774 1612 Perio-

99 1627 160 1658 den
180 1628 237 1657 hat
251 1626 287 1657 L.
308 1627 391 1657 auch
410 1630 502 1657 sonst
524 1626 614 1656 nicht
630 1626 772 1657 10111110-

99 1672 170 1703 den.
195 1688 239 1693 --
273 1678 421 1709 extremm,
456 1672 539 1701 nach
574 1671 631 1702 der
662 1670 773 1702 Ebene

100 1727 149 1748 zu.
183 1734 225 1738 ——
250 1722 375 1748 ventam
393 1717 469 1755 (est),
497 1727 521 1747 s.
548 1727 575 1747 c.
602 1718 633 1757 5,
659 1718 695 1755 63
718 1718 771 1757 29,

104 1764 154 1802 10,
189 1764 215 1794 1.
241 1780 283 1783 -
309 1763 365 1793 sub
391 1773 444 1799 oe„
477 1764 508 1799 4,
535 1763 588 1800 28,
614 1763 647 1801 1;
680 1762 772 1794 Caes.

100 1807 133 1839 Β.
164 1806 197 1838 C.
230 1809 256 1845 1,
284 1809 337 1845 71,
370 1809 418 1840 11.
448 1814 515 1839 erat
536 1808 618 1838 nach
635 1814 772 1847 ventam,

99 1863 124 1884 s.
169 1854 221 1891 23,
265 1853 312 1888 18,
352 1855 379 1885 7.
414 1871 455 1874 —
489 1859 700 1892 speetatumne
730 1852 774 1884 ist

101 1898 231 1930 absolut
256 1898 438 1938 gebraucht
454 1899 521 1929 und
546 1898 608 1929 wie
637 1901 680 1930 ad
705 1910 770 1930 rem

91 1945 145 1984 fr.
167 1954 233 1974 von
257 1946 398 1975 venlmus
423 1943 601 1984 abhiingigfl,
630 1943 715 1975 Plnt.
742 1947 773 1983 5,

101 1992 135 2022 5:
179 1987 224 2026 ὡς
259 1986 349 2021 καλὰ
378 1990 516 2034 θέατρα
551 1991 618 2022 τοῦ
647 1985 774 2022 δικτά-

100 2046 212 2079 τορος,
248 2052 291 2056 —-
330 2037 443 2076 inquit,
485 2036 516 2074 8,
563 2037 593 2075 7,
630 2038 660 2069 5.
708 2035 774 2066 Der

100 2078 208 2110 Inhalt
250 2080 307 2111 der
337 2079 434 2119 Reae,
468 2081 501 2111 in
537 2081 682 2112 welcher
721 2080 773 2112 die

101 2124 241 2155 Ausicht
271 2125 328 2156 der
354 2125 444 2155 nieht
471 2126 627 2166 geriugen
647 2125 772 2165 Pax-tei,

100 2181 124 2201 s.
156 2168 176 2210 ξ
216 2172 273 2209 153
313 2180 339 2201 0.
371 2172 418 2208 15,
470 2173 497 2209 1,
526 2171 575 2202 die
602 2172 659 2202 das
685 2171 773 2203 Ver-

100 2214 215 2246 fahrcn
249 2216 303 2247 des
331 2214 453 2246 Fabius
485 2216 676 2257 missbilligt
708 2217 772 2248 und

101 2260 245 2292 schnelle
263 2260 508 2302 Entschcidung
528 2260 666 2301 fordert,
695 2272 772 2293 aus-

100 2308 302 2349 gesprochen
323 2306 376 2346 ist,
399 2306 499 2338 findet
525 2307 593 2338 sich
622 2308 704 2338 auch
722 2307 773 2339 bei

102 2351 170 2386 Pol.
197 2362 222 2383 c.
255 2354 308 2392 92,
336 2355 355 2385 4
382 2363 411 2383 11.
445 2352 531 2384 Plut.
565 2353 774 2393 angedeutet.

101 2415 142 2419 —
164 2400 206 2429 ad
227 2409 292 2430 rem
308 2399 374 2439 fr.‚
397 2408 423 2430 c,
445 2400 495 2438 13,
517 2400 556 2437 33
575 2400 606 2438 6,
633 2399 686 2438 37,
714 2400 772 2439 113

102 2443 155 2481 21,
201 2444 231 2482 3,
277 2445 314 2483 4,
371 2445 400 2483 8,
446 2446 499 2481 36,
549 2446 584 2476 7:
627 2454 679 2474 um
721 2444 772 2476 (lic

101 2487 215 2528 Augen
245 2499 283 2521 zu
310 2489 437 2521 weideu
457 2489 566 2532 (nicht
583 2499 636 2520 um
663 2489 774 2530 thiitig

102 2543 140 2563 zu
175 2534 266 2574 sein).
300 2553 341 2557 —
382 2538 505 2567 nullius
541 2538 607 2576 alt„
636 2536 690 2576 21,
720 2536 771 2576 13,

843 1172 881 1212 33
909 1181 967 1201 zur
987 1169 1174 1201 construet.
1201 1169 1231 1207 3,
1260 1169 1311 1206 19,
1339 1169 1367 1199 7.
1397 1185 1440 1189 —
1464 1178 1519 1199 nee

841 1235 885 1239 —
909 1227 947 1247 ne
970 1234 1014 1238 —
1036 1217 1134 1256 quid„
1173 1225 1213 1245 zu
1250 1215 1304 1253 32,
1328 1214 1383 1253 20,
1422 1215 1458 1251 53
1491 1214 1522 1243 si

842 1279 885 1284 ——
910 1273 949 1293 ne
974 1279 1014 1283 —
1040 1262 1138 1302 quid„
1164 1261 1218 1299 21,
1250 1261 1300 1296 18,
1329 1260 1378 1291 11.
1397 1275 1441 1280 —
1465 1269 1516 1290 eo-

841 1310 940 1347 Ionos,
982 1308 1033 1347 10,
1068 1307 1119 1339 21.
1140 1323 1185 1328 —
1213 1307 1250 1337 ab
1283 1311 1374 1344 extr„
1401 1305 1456 1343 23,
1486 1306 1517 1344 5,

888 1400 918 1431 6.
940 1408 1016 1437 pro,
1046 1396 1207 1437 „leide1·“,
1242 1407 1295 1427 um
1327 1398 1449 1427 tantum
1478 1405 1519 1426 zu

841 1444 947 1475 heben
970 1444 1194 1483 nachgesetzt,
1222 1441 1313 1473 steht
1342 1445 1434 1472 sonst
1459 1450 1518 1481 ge-

842 1488 1008 1521 w'ohulich
1022 1498 1074 1520 am
1091 1486 1242 1527 Anfange
1255 1487 1321 1518 und
1338 1486 1397 1517 mit
1414 1485 1519 1518 einem

842 1535 1002 1566 Zusatze:
1054 1536 1145 1566 deum
1190 1535 1350 1564 homiuum
1398 1535 1518 1574 fidem3

844 1580 932 1614 Curt.
963 1582 994 1617 4,
1024 1581 1078 1619 61,
1109 1581 1167 1618 1ος
1198 1578 1258 1609 Ov.
1284 1577 1358 1609 Her.
1398 1579 1427 1614 3,
1457 1578 1518 1611 98:

842 1633 874 1657 at
898 1637 965 1658 mea
984 1627 1069 1665 pro!
1085 1623 1176 1656 nullo
1195 1626 1336 1663 pondere
1352 1625 1446 1655 verba
1470 1635 1519 1654 occ-

843 1674 934 1704 dunt,
960 1689 1000 1694 —-
1028 1673 1261 1712 deqeneramus,
1287 1671 1318 1703 9,
1341 1670 1389 1708 18,
1417 1670 1455 1709 3;
1476 1669 1518 1700 11).

845 1718 898 1756 34,
927 1719 976 1749 15.
1001 1734 1046 1738 —
1074 1727 1169 1757 quam
1200 1726 1302 1754 nuper
1328 1715 1433 1746 bildet
1458 1715 1520 1746 den

845 1761 1031 1803 Gegensatz
1064 1772 1103 1792 zu
1136 1772 1221 1793 nuno
1258 1760 1323 1791 und
1354 1760 1418 1792 soll
1454 1760 1519 1791 wie

843 1807 886 1839 im
919 1808 1012 1848 Folg.
1046 1809 1135 1839 modo
1171 1806 1347 1845 andeuten,
1385 1806 1418 1836 in
1454 1805 1519 1836 wie

843 1853 964 1885 kurzer
991 1853 1066 1884 Zeit
1088 1853 1139 1884 die
1174 1851 1362 1892 Entartung
1397 1849 1520 1891 erfolgt

843 1899 898 1938 ist,
932 1910 955 1930 s.
993 1899 1046 1936 39,
1076 1900 1128 1937 51,
1158 1899 1207 1931 11.
1251 1900 1301 1928 illi
1327 1897 1520 1929 bezeichnet

843 1944 935 1976 nicht
960 1943 1012 1975 die
1043 1943 1128 1981 Zeit,
1160 1943 1303 1975 souderu
1335 1942 1434 1974 weist
1459 1952 1520 1974 nur

844 1989 904 2021 auf
936 1996 1045 2030 patres
1085 1989 1225 2027 zuriick,
1269 1988 1418 2020 weshalb
1462 1999 1520 2020 nos

844 2036 935 2066 nicht
954 2034 1055 2076 folgt3
1078 2035 1135 2066 der
1149 2034 1347 2066 Nachdruck
1368 2034 1451 2075 liegt
1465 2032 1524 2065 auf

843 2082 904 2113 den
943 2080 1173 2122 Gegens'atzen
1209 2092 1297 2112 nuno
1333 2091 1363 2111 u.
1404 2091 1518 2119 nuper,

836 2134 965 2167 praete-r
1002 2139 1047 2159 or.
1088 2138 1155 2168 vaq.
1199 2127 1264 2157 und
1294 2128 1425 2165 plenam
1465 2127 1518 2157 720-

842 2175 947 2214 stz'um,
972 2184 1062 2204 suam
1089 2172 1153 2203 und
1172 2174 1304 2203 szzzd.
1327 2189 1370 2193 ——
1395 2175 1518 2209 classes,

842 2229 867 2249 s.
893 2230 933 2249 zu
958 2220 1012 2255 21,
1037 2220 1088 2252 10,
1118 2220 1147 2251 8.
1179 2219 1375 2259 —faetczm,
1403 2219 1456 2256 24,
1487 2218 1514 2253 1,

846 2266 881 2301 1;
908 2266 961 2302 35,
989 2265 1042 2304 34,
1073 2265 1130 2301 12,
1168 2274 1227 2294 zur
1259 2262 1363 2294 Sache
1397 2262 1463 2302 vgl.
1490 2272 1516 2292 c.

842 2311 897 2347 25,
917 2311 952 2347 73
980 2310 1033 2347 30,
1052 2312 1105 2349 20,
1127 2311 1157 2342 9.
1179 2327 1222 2331 —
1240 2307 1376 2339 Numici.
1394 2309 1516 2345 Maur„

842 2366 866 2386 s.
893 2356 947 2391 21,
974 2357 1028 2395 22,
1055 2357 1085 2394 3,
1119 2354 1171 2386 die
1207 2354 1374 2393 Carthago
1400 2357 1516 2384 unter-

840 2399 1021 2441 worfenen,
1040 2401 1256 2432 verachteteu
1274 2397 1516 2430 africanischen

842 2446 985 2478 Stiimme
1022 2446 1156 2477 werden
1193 2456 1228 2475 so
1271 2454 1516 2484 zusammenge—

841 2492 944 2523 stellt.

888 2538 984 2570 7-8,
1013 2538 1114 2576 modo,
1140 2535 1208 2575 vgl.
1235 2535 1300 2566 Cic.
1321 2534 1416 2567 Verr.
1434 2536 1466 2575 4,
1486 2535 1517 2575 3,
