1763 2983
241 185 323 226 480
822 182 1078 216 PERIOCHAE.

781 342 850 376 EX
883 343 970 376 LIB.
1001 343 1124 379 XVII.

334 438 391 470 Cn.
408 437 588 470 Cornelius
607 437 723 470 consul
742 448 761 469 a
779 437 887 470 classe
904 437 1029 470 Punica
1043 438 1292 470 circumventus
1310 441 1342 469 et
1357 448 1416 479 per
1429 435 1589 478 fraudem,
1603 447 1661 469 ve-

242 484 293 516 lut
312 484 344 515 in
363 484 576 525 conloquium
595 488 766 522 evocatus,
786 488 903 526 captus
921 489 982 515 est.
1025 484 1059 515 C.
1079 484 1227 515 Duillius
1252 483 1369 514 consul
1388 484 1550 516 adversus
1574 483 1661 515 clas—

243 540 309 562 sem
328 530 515 562 Poenorum
534 539 692 572 prospere
711 529 882 571 pugnavit,
908 529 1098 571 primusque
1122 529 1266 561 omnium
1293 527 1516 561 Romanorum
1541 529 1660 560 ducum

244 575 375 607 navalis
394 575 562 607 victoriae
582 575 680 606 duxit
702 575 917 617 triumphum,
943 576 982 606 ob
1001 585 1096 616 quam
1121 584 1253 606 causam
1277 574 1308 605 ei
1332 580 1509 617 perpetuus
1532 583 1660 616 quoque

242 623 346 653 honos
365 621 499 653 habitus
518 625 580 661 est,
599 625 636 652 ut
650 621 835 653 revertenti
852 631 869 651 a
890 631 969 652 cena
984 620 1125 652 tibicine
1140 624 1277 651 canente
1294 618 1406 652 funale
1422 618 1661 663 praeferretur.
1709 642 1717 643 ff

243 667 279 699 L.
298 667 475 699 Cornelius
495 667 610 698 consul
629 666 662 698 in
677 666 832 697 Sardinia
852 671 885 698 et
902 666 1040 697 Corsica
1059 671 1175 698 contra
1194 664 1317 697 Sardos
1336 671 1368 698 et
1383 666 1506 698 Corsos
1524 670 1558 697 et
1572 665 1660 696 Han-

243 723 361 744 nonem
378 712 563 744 Poenorum
582 713 697 743 duceni
725 710 872 744 feliciter
890 711 1060 754 pugnavit.
1095 711 1223 743 Atilius
1247 710 1422 744 Calatinus
1446 710 1564 743 consul
1588 720 1661 742 eum

244 759 276 789 in
300 759 408 790 locuni
433 768 451 789 a
469 757 591 789 Poenis
615 757 871 789 circumsessum
895 762 1017 789 temere
1042 757 1226 788 exercitum
1246 757 1411 796 duxisset,
1437 756 1481 789 Μ.
1502 755 1662 798 Calpurni

242 804 370 835 tribuni
395 803 539 835 militnm
564 803 692 835 virtute
715 808 747 834 et
765 813 864 845 opera
886 803 1005 842 evasit,
1029 803 1085 845 qui
1105 812 1176 834 cum
1194 802 1271 833 CCC
1298 802 1464 834 militibus
1487 801 1662 843 eruptione

242 849 330 881 tacta
355 850 469 881 hostes
489 849 523 880 in
542 859 576 880 se
593 852 820 880 converterat.
858 848 1021 879 Hannibal
1041 849 1107 879 dux
1127 847 1311 879 Poenorum
1337 848 1427 880 victa
1454 847 1578 886 classe,
1609 846 1662 878 cui

242 894 443 937 praefuerat,
467 904 485 925 a
510 894 675 926 militibus
700 893 771 925 suis
790 894 823 925 in
842 904 972 925 crucem
991 894 1142 925 sublatus
1163 898 1223 924 est.
1272 894 1400 926 Atilius
1420 893 1565 933 Regulus
1585 902 1662 923 cou-

243 941 295 972 sul
314 940 419 974 victis
439 939 553 972 navali
573 939 704 982 proelio
723 939 844 971 Poenis
864 939 896 971 in
914 937 1066 971 Africam
1083 939 1232 971 traiecit.

779 1149 849 1183 EX
882 1149 970 1183 LIB.
1002 1149 1143 1184 XVIII.

333 1245 461 1278 Atilius
484 1243 631 1285 Regulus
656 1244 690 1276 in
713 1242 831 1276 Africa
856 1249 1041 1287 serpentem
1072 1247 1288 1287 portentosae
1318 1242 1561 1283 magnitudinis
1591 1253 1664 1274 cum

243 1301 359 1332 magna
379 1291 473 1323 clade
491 1291 635 1322 militum
655 1290 793 1331 occidit,
811 1295 844 1322 et
863 1301 935 1322 oum
950 1290 1080 1332 aliquot
1096 1288 1237 1332 proeliis
1252 1288 1332 1321 bene
1346 1289 1509 1320 adversus
1525 1288 1665 1320 Cartha-

243 1337 414 1378 ginienses
432 1341 624 1379 pugnasset,
644 1346 889 1378 successorque
908 1335 938 1367 ei
956 1346 973 1367 a
993 1340 1111 1368 senatu
1128 1344 1288 1378 prospere
1311 1334 1435 1366 bellum
1452 1334 1582 1374 gerenti
1601 1344 1665 1366 non

245 1384 450 1425 mitteretur,
471 1383 504 1414 id
525 1382 632 1424 ipsum
651 1392 710 1424 per
728 1382 863 1413 litteras
881 1382 921 1413 ad
942 1386 1092 1413 senatum
1110 1381 1230 1412 missas
1248 1385 1384 1422 questus
1402 1384 1465 1419 est,
1489 1380 1523 1411 in
1546 1380 1665 1421 quibus

244 1429 332 1460 inter
350 1438 469 1460 causas
488 1428 621 1470 petendi
641 1427 850 1459 successoris
869 1429 953 1467 erat,
972 1427 1057 1469 quod
1075 1426 1205 1467 agellus
1223 1426 1296 1457 eius
1314 1436 1332 1457 a
1349 1425 1590 1458 mercennariis
1609 1426 1665 1457 de-

244 1478 355 1505 scrtus
379 1479 480 1505 esset.
514 1477 693 1515 quaerente
717 1473 835 1504 deinde
862 1471 1009 1514 fortuna,
1036 1477 1072 1504 ut
1100 1482 1251 1511 magnum
1280 1471 1455 1513 utriusque
1486 1481 1582 1503 casus
1606 1480 1665 1503 ex-

244 1519 385 1561 emplum
416 1519 451 1550 in
475 1518 601 1559 Regulo
620 1518 836 1560 proderetur,
857 1518 1021 1550 arcessito
1041 1528 1059 1549 a
1089 1516 1425 1558 Carthaginiensibus
1457 1516 1664 1559 Xanthippo,

244 1565 583 1597 Lacedaemoniorum
602 1565 694 1606 duce,
712 1564 825 1596 victus
843 1563 972 1606 proelio
991 1568 1025 1595 et
1042 1568 1158 1606 captus
1176 1568 1237 1594 est.
1271 1572 1325 1594 res
1347 1562 1466 1594 deinde
1489 1573 1507 1593 a
1526 1563 1665 1594 ducibus

244 1610 402 1643 Romanis
427 1610 578 1642 omnibus
602 1615 695 1641 terra
718 1609 867 1652 marique
883 1619 1042 1652 prospere
1064 1614 1177 1650 gestas
1201 1606 1473 1639 deformaverunt
1491 1606 1664 1648 naufragia

245 1656 414 1688 classium.
445 1654 519 1687 Tib.
535 1655 766 1687 Coruncanius
784 1656 910 1697 primus
929 1664 969 1686 ex
988 1654 1083 1696 plebe
1100 1652 1249 1697 pontifex
1268 1654 1432 1684 maximus
1451 1658 1584 1685 creatus
1603 1658 1664 1685 est.

245 1701 289 1733 M.
309 1701 525 1744 Sempronius
543 1700 672 1743 Sophus
691 1700 749 1733 Μ’.
768 1700 928 1734 Valerius
946 1699 1112 1732 Maximus
1137 1709 1294 1732 censores
1313 1709 1384 1730 eum
1403 1704 1553 1730 senatum
1576 1698 1666 1739 lege-

245 1753 331 1788 rent,
349 1746 429 1780 XVI
449 1752 565 1779 senatu
592 1751 786 1787 moverunt,
810 1746 954 1778 lustrum
976 1745 1208 1786 condiderunt,
1232 1756 1294 1788 quo
1319 1754 1417 1776 censa
1441 1749 1518 1776 sunt
1542 1743 1666 1776 civium

246 1804 356 1846 capita
391 1804 567 1838 CCXCVII
602 1803 815 1837 DCCXCVII.
865 1802 1015 1843 Regulus
1046 1803 1170 1834 missus
1203 1812 1221 1833 a
1255 1801 1592 1842 Carthaginiensibus
1624 1801 1664 1833 ad

248 1855 410 1891 senatum,
442 1856 480 1883 ut
510 1852 549 1883 de
577 1860 658 1892 paee
682 1855 725 1890 et,
757 1850 786 1882 si
815 1859 886 1881 eam
919 1860 983 1880 non
1012 1853 1126 1891 posset
1150 1848 1338 1890 impetrare,
1363 1848 1402 1878 de
1426 1847 1665 1880 commutandis

246 1896 393 1938 captivis
411 1902 537 1937 ageret,
563 1896 619 1928 sed
645 1896 718 1928 iure
738 1895 877 1927 Iurando
903 1895 1088 1926 adstrictus
1107 1894 1293 1926 rediturum
1313 1903 1347 1924 se
1365 1893 1609 1934 Carthaginem,
1636 1893 1666 1924 si

244 1943 441 1974 commutari
465 1942 620 1984 captivos
646 1952 711 1973 non
728 1941 924 1983 placuisset,
942 1945 1118 1981 utrumque
1142 1939 1284 1980 negandi
1302 1943 1421 1970 auctor
1444 1939 1575 1971 senatui
1602 1938 1666 1969 fuit

243 1992 289 2028 et,
307 1997 379 2019 cum
404 1987 468 2019 fide
486 1987 656 2020 custodita
673 1997 832 2019 reversus
852 1990 952 2027 esset,
978 1985 1146 2028 supplicio
1165 1996 1183 2017 a
1201 1984 1538 2025 Carthaginiensibus
1564 1985 1603 2016 de
1627 1994 1664 2015 eo

246 2037 376 2075 sumpto
394 2033 495 2075 perit.

760 2220 827 2252 Ex
860 2220 946 2253 Llss.
980 2218 1140 2254 XVIIII.

337 2314 505 2346 Caecilius
523 2313 680 2346 Metellus
705 2314 803 2346 rebus
827 2315 991 2346 adversus
1016 2313 1144 2345 Poenos
1167 2322 1326 2355 prospere
1349 2311 1455 2354 gestis
1478 2311 1665 2355 speciosum

245 2361 315 2400 egit
331 2361 534 2402 triumphum
548 2358 623 2391 XIII
638 2360 778 2391 ducibus
795 2360 941 2391 hostium
956 2364 988 2391 et
1002 2358 1097 2390 CXX
1112 2359 1299 2401 elephantis
1314 2359 1347 2390 in
1362 2369 1399 2390 eo
1415 2358 1537 2390 ductis.
1564 2357 1666 2389 Clau-

247 2406 322 2437 dius
340 2406 484 2438 Pulcher
507 2404 634 2444 consul,
659 2410 775 2444 eontra
798 2405 950 2447 auspicia
966 2403 1149 2447 profectus,
1168 2404 1269 2436 iussit
1286 2404 1390 2445 mergi
1408 2403 1530 2446 pullos,
1545 2404 1599 2445 qui
1619 2403 1667 2435 ci·-

246 2452 320 2483 bari
339 2452 507 2483 nolebant.
542 2449 728 2483 infeliciter
745 2451 907 2482 adversus
925 2450 1219 2491 Carthaginienses
1238 2450 1347 2481 classe
1364 2449 1537 2491 pugnavit,
1561 2453 1595 2480 et
1612 2458 1666 2480 re-

245 2502 387 2529 vocatus
403 2508 421 2529 a
435 2502 552 2529 senatu
566 2497 741 2539 iussusque
755 2497 953 2528 dictatorem
968 2497 1079 2528 dicere
1094 2495 1269 2527 Claudium
1283 2494 1428 2527 Gliciam
1442 2494 1543 2536 dixit,
1561 2494 1664 2526 sortis

246 2542 385 2575 ultimae
402 2542 582 2581 hominem;
606 2542 662 2585 qui
686 2548 823 2574 coactus
847 2542 1005 2574 abdicare
1029 2551 1064 2574 se
1086 2540 1286 2582 magistratu
1309 2545 1425 2582 postea
1449 2539 1547 2571 ludos
1570 2549 1666 2582 prae-

246 2593 396 2620 textatus
416 2588 606 2631 [spectavit.
645 2588 685 2620 A.
714 2588 841 2619 Atilius
871 2588 1046 2620 Calatinus
1075 2587 1203 2630 primus
1233 2586 1379 2618 dictator
1408 2591 1504 2618 extra
1533 2584 1664 2618 Italiam

246 2634 431 2666 exercitum
450 2634 556 2666 duxit.
600 2634 813 2665 commutatio
835 2633 1045 2677 captivorum
1065 2643 1137 2665 eum
1157 2632 1277 2664 Poenis
1295 2630 1383 2664 facta
1408 2637 1470 2664 est.
1511 2631 1665 2662 coloniae
