<?xml version="1.0" encoding="UTF-8"?>
<!DOCTYPE html PUBLIC "-//W3C//DTD XHTML 1.0 Transitional//EN"
    "http://www.w3.org/TR/xhtml1/DTD/xhtml1-transitional.dtd">
<html xmlns="http://www.w3.org/1999/xhtml" xml:lang="en" lang="en">
 <head>
  <title>
</title>
<meta http-equiv="Content-Type" content="text/html;charset=utf-8" />
  <meta name='ocr-system' content='tesseract 3.04.00' />
  <meta name='ocr-capabilities' content='ocr_page ocr_carea ocr_par ocr_line ocrx_word'/>
</head>
<body>
  <div class='ocr_page' id='page_1' title='image "./aburbeconditalib0304livyuoft_0792.png"; bbox 0 0 1763 2983; ppageno 0'>
   <div class='ocr_carea' id='block_1_1' title="bbox 239 141 322 184">
    <p class='ocr_par' dir='ltr' id='par_1_1' title="bbox 239 141 322 184">
     <span class='ocr_line' id='line_1_1' title="bbox 239 141 322 184; baseline 0.012 -1"><span class='ocrx_word' id='word_1_1' title='bbox 239 141 322 184; x_wconf 85' lang='grc'>266</span> 
     </span>
    </p>
   </div>
   <div class='ocr_carea' id='block_1_2' title="bbox 706 141 1176 176">
    <p class='ocr_par' dir='ltr' id='par_1_2' title="bbox 706 141 1176 176">
     <span class='ocr_line' id='line_1_2' title="bbox 706 141 1176 176; baseline 0.006 -3"><span class='ocrx_word' id='word_1_2' title='bbox 706 141 831 174; x_wconf 85' lang='lat' dir='ltr'>LIBER</span> <span class='ocrx_word' id='word_1_3' title='bbox 855 141 966 174; x_wconf 88' lang='lat' dir='ltr'>XXII.</span> <span class='ocrx_word' id='word_1_4' title='bbox 1002 141 1094 175; x_wconf 86' lang='lat' dir='ltr'>CAP.</span> <span class='ocrx_word' id='word_1_5' title='bbox 1121 144 1176 176; x_wconf 80' lang='lat'>56.</span> 
     </span>
    </p>
   </div>
   <div class='ocr_carea' id='block_1_3' title="bbox 1508 142 1664 170">
    <p class='ocr_par' dir='ltr' id='par_1_3' title="bbox 1508 142 1664 170">
     <span class='ocr_line' id='line_1_3' title="bbox 1508 142 1664 170; baseline 0.013 -2"><span class='ocrx_word' id='word_1_6' title='bbox 1508 151 1533 168; x_wconf 82' lang='lat' dir='ltr'>a..</span> <span class='ocrx_word' id='word_1_7' title='bbox 1551 149 1579 169; x_wconf 86' lang='lat' dir='ltr'>u.</span> <span class='ocrx_word' id='word_1_8' title='bbox 1601 142 1664 170; x_wconf 83' lang='lat'>538.</span> 
     </span>
    </p>
   </div>
   <div class='ocr_carea' id='block_1_4' title="bbox 198 244 1665 1198">
    <p class='ocr_par' dir='ltr' id='par_1_4' title="bbox 198 244 1665 1198">
     <span class='ocr_line' id='line_1_4' title="bbox 240 244 1661 298; baseline 0.002 -15"><span class='ocrx_word' id='word_1_9' title='bbox 240 258 316 296; x_wconf 85' lang='lat' dir='ltr'>que</span> <span class='ocrx_word' id='word_1_10' title='bbox 347 246 433 283; x_wconf 84' lang='lat' dir='ltr'>foro</span> <span class='ocrx_word' id='word_1_11' title='bbox 460 258 539 298; x_wconf 74' lang='lat' dir='ltr'>per</span> <span class='ocrx_word' id='word_1_12' title='bbox 568 244 810 295; x_wconf 77' lang='lat' dir='ltr'>magistratus</span> <span class='ocrx_word' id='word_1_13' title='bbox 843 244 952 283; x_wconf 87' lang='lat' dir='ltr'>turba</span> <span class='ocrx_word' id='word_1_14' title='bbox 985 251 1112 296; x_wconf 84' lang='lat' dir='ltr'>patres</span> <span class='ocrx_word' id='word_1_15' title='bbox 1141 245 1281 284; x_wconf 84' lang='lat' dir='ltr'>diversi</span> <span class='ocrx_word' id='word_1_16' title='bbox 1312 245 1358 284; x_wconf 91' lang='lat' dir='ltr'>ad</span> <span class='ocrx_word' id='word_1_17' title='bbox 1384 245 1576 286; x_wconf 86' lang='lat' dir='ltr'>sedandos</span> <span class='ocrx_word' id='word_1_18' title='bbox 1596 254 1661 286; x_wconf 89' lang='lat' dir='ltr'>tu-</span> 
     </span>
     <span class='ocr_line' id='line_1_5' title="bbox 240 301 1665 346; baseline 0.001 -7"><span class='ocrx_word' id='word_1_19' title='bbox 240 302 386 340; x_wconf 86' lang='lat' dir='ltr'>multus</span> <span class='ocrx_word' id='word_1_20' title='bbox 418 301 697 346; x_wconf 87' lang='lat' dir='ltr'>discessissent,</span> <span class='ocrx_word' id='word_1_21' title='bbox 730 307 811 339; x_wconf 87' lang='lat' dir='ltr'>tum</span> <span class='ocrx_word' id='word_1_22' title='bbox 843 301 1002 340; x_wconf 89' lang='lat' dir='ltr'>demum</span> <span class='ocrx_word' id='word_1_23' title='bbox 1023 302 1168 341; x_wconf 76' lang='lat' dir='ltr'>litterae</span> <span class='ocrx_word' id='word_1_24' title='bbox 1189 315 1208 341; x_wconf 88' lang='lat' dir='ltr'>a</span> <span class='ocrx_word' id='word_1_25' title='bbox 1231 302 1271 341; x_wconf 90' lang='lat' dir='ltr'>C.</span> <span class='ocrx_word' id='word_1_26' title='bbox 1295 302 1476 341; x_wconf 87' lang='lat' dir='ltr'>Terentio</span> <span class='ocrx_word' id='word_1_27' title='bbox 1503 304 1665 342; x_wconf 88' lang='lat' dir='ltr'>consule</span> 
     </span>
     <span class='ocr_line' id='line_1_6' title="bbox 200 357 1664 409; baseline 0.001 -13"><span class='ocrx_word' id='word_1_28' title='bbox 200 366 220 397; x_wconf 82' lang='lat'><strong>2</strong></span> <span class='ocrx_word' id='word_1_29' title='bbox 241 358 383 396; x_wconf 79' lang='lat' dir='ltr'>adlatae</span> <span class='ocrx_word' id='word_1_30' title='bbox 406 363 518 396; x_wconf 88' lang='lat' dir='ltr'>sunt:</span> <span class='ocrx_word' id='word_1_31' title='bbox 550 357 593 395; x_wconf 87' lang='lat' dir='ltr'>L.</span> <span class='ocrx_word' id='word_1_32' title='bbox 616 357 821 395; x_wconf 80' lang='lat' dir='ltr'>Aemilium</span> <span class='ocrx_word' id='word_1_33' title='bbox 845 358 1048 396; x_wconf 88' lang='lat' dir='ltr'>consulem</span> <span class='ocrx_word' id='word_1_34' title='bbox 1070 359 1360 409; x_wconf 83' lang='lat' dir='ltr'>exercitumque</span> <span class='ocrx_word' id='word_1_35' title='bbox 1380 370 1558 405; x_wconf 67' lang='lat' dir='ltr'>caesum,</span> <span class='ocrx_word' id='word_1_36' title='bbox 1578 372 1664 398; x_wconf 87' lang='lat' dir='ltr'>sese</span> 
     </span>
     <span class='ocr_line' id='line_1_7' title="bbox 240 413 1663 466; baseline 0.002 -15"><span class='ocrx_word' id='word_1_37' title='bbox 240 414 395 452; x_wconf 83' lang='lat' dir='ltr'>Canusii</span> <span class='ocrx_word' id='word_1_38' title='bbox 419 426 503 452; x_wconf 87' lang='lat' dir='ltr'>esse</span> <span class='ocrx_word' id='word_1_39' title='bbox 533 413 714 463; x_wconf 84' lang='lat' dir='ltr'>reliquias</span> <span class='ocrx_word' id='word_1_40' title='bbox 744 419 866 452; x_wconf 82' lang='lat' dir='ltr'>tantae</span> <span class='ocrx_word' id='word_1_41' title='bbox 896 414 1011 453; x_wconf 85' lang='lat' dir='ltr'>cladis</span> <span class='ocrx_word' id='word_1_42' title='bbox 1042 415 1146 453; x_wconf 88' lang='lat' dir='ltr'>velut</span> <span class='ocrx_word' id='word_1_43' title='bbox 1176 427 1221 453; x_wconf 90' lang='lat' dir='ltr'>ex</span> <span class='ocrx_word' id='word_1_44' title='bbox 1253 415 1455 465; x_wconf 77' lang='lat' dir='ltr'>naufragio</span> <span class='ocrx_word' id='word_1_45' title='bbox 1477 415 1663 466; x_wconf 82' lang='lat' dir='ltr'>colligen-</span> 
     </span>
     <span class='ocr_line' id='line_1_8' title="bbox 240 470 1663 522; baseline 0.002 -15"><span class='ocrx_word' id='word_1_46' title='bbox 240 477 338 517; x_wconf 81' lang='lat' dir='ltr'>tem3</span> <span class='ocrx_word' id='word_1_47' title='bbox 369 470 415 508; x_wconf 87' lang='lat' dir='ltr'>ad</span> <span class='ocrx_word' id='word_1_48' title='bbox 440 471 573 508; x_wconf 90' lang='lat' dir='ltr'>decem</span> <span class='ocrx_word' id='word_1_49' title='bbox 606 470 708 508; x_wconf 86' lang='lat' dir='ltr'>milia</span> <span class='ocrx_word' id='word_1_50' title='bbox 738 470 902 508; x_wconf 88' lang='lat' dir='ltr'>militum</span> <span class='ocrx_word' id='word_1_51' title='bbox 932 472 1055 509; x_wconf 88' lang='lat' dir='ltr'>ferme</span> <span class='ocrx_word' id='word_1_52' title='bbox 1085 483 1168 509; x_wconf 89' lang='lat' dir='ltr'>esse</span> <span class='ocrx_word' id='word_1_53' title='bbox 1188 471 1528 522; x_wconf 81' lang='lat' dir='ltr'>inconpositorum</span> <span class='ocrx_word' id='word_1_54' title='bbox 1549 472 1663 510; x_wconf 85' lang='lat' dir='ltr'>inor-</span> 
     </span>
     <span class='ocr_line' id='line_1_9' title="bbox 201 526 1665 578; baseline 0.001 -13"><span class='ocrx_word' id='word_1_55' title='bbox 201 540 220 571; x_wconf 84' lang='lat'><strong>3</strong></span> <span class='ocrx_word' id='word_1_56' title='bbox 240 527 564 577; x_wconf 79' lang='lat' dir='ltr'>dinatorumque3</span> <span class='ocrx_word' id='word_1_57' title='bbox 595 526 771 564; x_wconf 87' lang='lat' dir='ltr'>Poenum</span> <span class='ocrx_word' id='word_1_58' title='bbox 805 526 938 565; x_wconf 87' lang='lat' dir='ltr'>sedere</span> <span class='ocrx_word' id='word_1_59' title='bbox 962 527 1007 565; x_wconf 92' lang='lat' dir='ltr'>ad</span> <span class='ocrx_word' id='word_1_60' title='bbox 1031 527 1180 566; x_wconf 88' lang='lat' dir='ltr'>Cannas</span> <span class='ocrx_word' id='word_1_61' title='bbox 1204 527 1244 565; x_wconf 89' lang='lat' dir='ltr'>in</span> <span class='ocrx_word' id='word_1_62' title='bbox 1266 528 1507 578; x_wconf 86' lang='lat' dir='ltr'>captivorum</span> <span class='ocrx_word' id='word_1_63' title='bbox 1531 528 1665 578; x_wconf 87' lang='lat' dir='ltr'>pretiis</span> 
     </span>
     <span class='ocr_line' id='line_1_10' title="bbox 239 583 1662 634; baseline 0.001 -13"><span class='ocrx_word' id='word_1_64' title='bbox 239 583 461 634; x_wconf 88' lang='lat' dir='ltr'>praedaque</span> <span class='ocrx_word' id='word_1_65' title='bbox 492 583 560 621; x_wconf 83' lang='lat' dir='ltr'>alia</span> <span class='ocrx_word' id='word_1_66' title='bbox 583 594 654 620; x_wconf 86' lang='lat' dir='ltr'>nee</span> <span class='ocrx_word' id='word_1_67' title='bbox 674 583 831 621; x_wconf 87' lang='lat' dir='ltr'>victoris</span> <span class='ocrx_word' id='word_1_68' title='bbox 853 583 982 621; x_wconf 90' lang='lat' dir='ltr'>animo</span> <span class='ocrx_word' id='word_1_69' title='bbox 1007 596 1078 622; x_wconf 85' lang='lat' dir='ltr'>nee</span> <span class='ocrx_word' id='word_1_70' title='bbox 1100 584 1228 634; x_wconf 79' lang='lat' dir='ltr'>magni</span> <span class='ocrx_word' id='word_1_71' title='bbox 1251 584 1360 622; x_wconf 90' lang='lat' dir='ltr'>ducis</span> <span class='ocrx_word' id='word_1_72' title='bbox 1384 596 1493 622; x_wconf 90' lang='lat' dir='ltr'>more</span> <span class='ocrx_word' id='word_1_73' title='bbox 1516 584 1662 622; x_wconf 89' lang='lat' dir='ltr'>nundi-</span> 
     </span>
     <span class='ocr_line' id='line_1_11' title="bbox 199 639 1663 690; baseline 0.001 -13"><span class='ocrx_word' id='word_1_74' title='bbox 199 651 220 682; x_wconf 89' lang='lat'>4</span> <span class='ocrx_word' id='word_1_75' title='bbox 240 645 411 678; x_wconf 81' lang='lat' dir='ltr'>nantem.</span> <span class='ocrx_word' id='word_1_76' title='bbox 456 645 538 678; x_wconf 81' lang='lat' dir='ltr'>tun]</span> <span class='ocrx_word' id='word_1_77' title='bbox 571 639 741 690; x_wconf 86' lang='lat' dir='ltr'>privatae</span> <span class='ocrx_word' id='word_1_78' title='bbox 773 651 931 689; x_wconf 83' lang='lat' dir='ltr'>quoque</span> <span class='ocrx_word' id='word_1_79' title='bbox 961 652 1031 690; x_wconf 87' lang='lat' dir='ltr'>per</span> <span class='ocrx_word' id='word_1_80' title='bbox 1054 640 1194 678; x_wconf 88' lang='lat' dir='ltr'>domos</span> <span class='ocrx_word' id='word_1_81' title='bbox 1216 640 1341 678; x_wconf 82' lang='lat' dir='ltr'>clades</span> <span class='ocrx_word' id='word_1_82' title='bbox 1364 641 1537 690; x_wconf 82' lang='lat' dir='ltr'>vulgatae</span> <span class='ocrx_word' id='word_1_83' title='bbox 1558 646 1663 687; x_wconf 90' lang='lat' dir='ltr'>sunt,</span> 
     </span>
     <span class='ocr_line' id='line_1_12' title="bbox 238 695 1662 746; baseline 0.001 -12"><span class='ocrx_word' id='word_1_84' title='bbox 238 696 415 746; x_wconf 82' lang='lat' dir='ltr'>adeoque</span> <span class='ocrx_word' id='word_1_85' title='bbox 448 702 562 734; x_wconf 86' lang='lat' dir='ltr'>totam</span> <span class='ocrx_word' id='word_1_86' title='bbox 592 695 730 733; x_wconf 85' lang='lat' dir='ltr'>urbem</span> <span class='ocrx_word' id='word_1_87' title='bbox 752 696 923 746; x_wconf 86' lang='lat' dir='ltr'>opplevit</span> <span class='ocrx_word' id='word_1_88' title='bbox 942 696 1082 742; x_wconf 86' lang='lat' dir='ltr'>luctus,</span> <span class='ocrx_word' id='word_1_89' title='bbox 1115 703 1156 734; x_wconf 89' lang='lat' dir='ltr'>ut</span> <span class='ocrx_word' id='word_1_90' title='bbox 1177 708 1331 735; x_wconf 86' lang='lat' dir='ltr'>sacrum</span> <span class='ocrx_word' id='word_1_91' title='bbox 1353 697 1662 735; x_wconf 84' lang='lat' dir='ltr'>anniversarium</span> 
     </span>
     <span class='ocr_line' id='line_1_13' title="bbox 239 751 1664 803; baseline 0.001 -14"><span class='ocrx_word' id='word_1_92' title='bbox 239 752 388 791; x_wconf 87' lang='lat' dir='ltr'>Cereris</span> <span class='ocrx_word' id='word_1_93' title='bbox 418 752 685 790; x_wconf 84' lang='lat' dir='ltr'>intermissum</span> <span class='ocrx_word' id='word_1_94' title='bbox 718 751 784 798; x_wconf 88' lang='lat' dir='ltr'>sit,</span> <span class='ocrx_word' id='word_1_95' title='bbox 816 752 904 801; x_wconf 85' lang='lat' dir='ltr'>quia</span> <span class='ocrx_word' id='word_1_96' title='bbox 935 764 1007 790; x_wconf 85' lang='lat' dir='ltr'>nec</span> <span class='ocrx_word' id='word_1_97' title='bbox 1035 753 1256 803; x_wconf 82' lang='lat' dir='ltr'>lugentibus</span> <span class='ocrx_word' id='word_1_98' title='bbox 1281 753 1318 790; x_wconf 94' lang='lat' dir='ltr'>id</span> <span class='ocrx_word' id='word_1_99' title='bbox 1351 755 1476 791; x_wconf 81' lang='lat' dir='ltr'>facere</span> <span class='ocrx_word' id='word_1_100' title='bbox 1507 758 1564 791; x_wconf 88' lang='lat' dir='ltr'>est</span> <span class='ocrx_word' id='word_1_101' title='bbox 1594 755 1664 800; x_wconf 85' lang='lat' dir='ltr'>fas,</span> 
     </span>
     <span class='ocr_line' id='line_1_14' title="bbox 199 809 1662 860; baseline 0 -13"><span class='ocrx_word' id='word_1_102' title='bbox 199 818 219 848; x_wconf 80' lang='lat'>5</span> <span class='ocrx_word' id='word_1_103' title='bbox 240 821 311 847; x_wconf 86' lang='lat' dir='ltr'>nec</span> <span class='ocrx_word' id='word_1_104' title='bbox 336 810 411 847; x_wconf 89' lang='lat' dir='ltr'>ulla</span> <span class='ocrx_word' id='word_1_105' title='bbox 441 809 480 846; x_wconf 89' lang='lat' dir='ltr'>in</span> <span class='ocrx_word' id='word_1_106' title='bbox 512 809 572 847; x_wconf 91' lang='lat' dir='ltr'>illa</span> <span class='ocrx_word' id='word_1_107' title='bbox 601 814 826 859; x_wconf 81' lang='lat' dir='ltr'>tempestate</span> <span class='ocrx_word' id='word_1_108' title='bbox 853 815 1028 847; x_wconf 86' lang='lat' dir='ltr'>matrona</span> <span class='ocrx_word' id='word_1_109' title='bbox 1053 821 1192 860; x_wconf 83' lang='lat' dir='ltr'>expers</span> <span class='ocrx_word' id='word_1_110' title='bbox 1213 809 1339 847; x_wconf 87' lang='lat' dir='ltr'>luctus</span> <span class='ocrx_word' id='word_1_111' title='bbox 1360 811 1496 847; x_wconf 86' lang='lat' dir='ltr'>fuerat.</span> <span class='ocrx_word' id='word_1_112' title='bbox 1532 809 1662 859; x_wconf 87' lang='lat' dir='ltr'>itaque</span> 
     </span>
     <span class='ocr_line' id='line_1_15' title="bbox 238 865 1661 916; baseline 0.001 -13"><span class='ocrx_word' id='word_1_113' title='bbox 238 878 287 903; x_wconf 90' lang='lat' dir='ltr'>ne</span> <span class='ocrx_word' id='word_1_114' title='bbox 315 865 363 904; x_wconf 89' lang='lat' dir='ltr'>ob</span> <span class='ocrx_word' id='word_1_115' title='bbox 394 865 554 903; x_wconf 84' lang='lat' dir='ltr'>eandem</span> <span class='ocrx_word' id='word_1_116' title='bbox 584 877 738 903; x_wconf 87' lang='lat' dir='ltr'>causam</span> <span class='ocrx_word' id='word_1_117' title='bbox 762 865 830 902; x_wconf 82' lang='lat' dir='ltr'>alia</span> <span class='ocrx_word' id='word_1_118' title='bbox 851 877 1008 915; x_wconf 82' lang='lat' dir='ltr'>quoque</span> <span class='ocrx_word' id='word_1_119' title='bbox 1029 878 1134 903; x_wconf 88' lang='lat' dir='ltr'>sacra</span> <span class='ocrx_word' id='word_1_120' title='bbox 1157 865 1309 916; x_wconf 85' lang='lat' dir='ltr'>publica</span> <span class='ocrx_word' id='word_1_121' title='bbox 1330 871 1395 904; x_wconf 87' lang='lat' dir='ltr'>aut</span> <span class='ocrx_word' id='word_1_122' title='bbox 1415 865 1561 916; x_wconf 87' lang='lat' dir='ltr'>privata</span> <span class='ocrx_word' id='word_1_123' title='bbox 1592 866 1661 904; x_wconf 87' lang='lat' dir='ltr'>de-</span> 
     </span>
     <span class='ocr_line' id='line_1_16' title="bbox 239 921 1663 972; baseline 0 -12"><span class='ocrx_word' id='word_1_124' title='bbox 239 927 481 967; x_wconf 75' lang='lat' dir='ltr'>sererentur,</span> <span class='ocrx_word' id='word_1_125' title='bbox 528 928 683 960; x_wconf 77' lang='lat' dir='ltr'>senatus</span> <span class='ocrx_word' id='word_1_126' title='bbox 715 921 892 959; x_wconf 87' lang='lat' dir='ltr'>consulto</span> <span class='ocrx_word' id='word_1_127' title='bbox 924 922 1060 959; x_wconf 86' lang='lat' dir='ltr'>diebus</span> <span class='ocrx_word' id='word_1_128' title='bbox 1090 922 1244 972; x_wconf 82' lang='lat' dir='ltr'>triginta</span> <span class='ocrx_word' id='word_1_129' title='bbox 1272 922 1400 960; x_wconf 81' lang='lat' dir='ltr'>luctus</span> <span class='ocrx_word' id='word_1_130' title='bbox 1432 927 1489 960; x_wconf 89' lang='lat' dir='ltr'>est</span> <span class='ocrx_word' id='word_1_131' title='bbox 1518 921 1663 960; x_wconf 79' lang='lat' dir='ltr'>finitus.</span> 
     </span>
     <span class='ocr_line' id='line_1_17' title="bbox 199 977 1662 1028; baseline 0.001 -14"><span class='ocrx_word' id='word_1_132' title='bbox 199 986 218 1014; x_wconf 77' lang='grc'><strong>6</strong></span> <span class='ocrx_word' id='word_1_133' title='bbox 240 984 413 1017; x_wconf 85' lang='lat' dir='ltr'>ceterum</span> <span class='ocrx_word' id='word_1_134' title='bbox 445 990 533 1016; x_wconf 87' lang='lat' dir='ltr'>cum</span> <span class='ocrx_word' id='word_1_135' title='bbox 559 978 689 1015; x_wconf 86' lang='lat' dir='ltr'>sedato</span> <span class='ocrx_word' id='word_1_136' title='bbox 712 977 818 1015; x_wconf 87' lang='lat' dir='ltr'>urbis</span> <span class='ocrx_word' id='word_1_137' title='bbox 839 978 1007 1015; x_wconf 82' lang='lat' dir='ltr'>tumultu</span> <span class='ocrx_word' id='word_1_138' title='bbox 1029 978 1196 1016; x_wconf 88' lang='lat' dir='ltr'>revocati</span> <span class='ocrx_word' id='word_1_139' title='bbox 1216 978 1256 1016; x_wconf 89' lang='lat' dir='ltr'>in</span> <span class='ocrx_word' id='word_1_140' title='bbox 1281 978 1427 1016; x_wconf 85' lang='lat' dir='ltr'>curiam</span> <span class='ocrx_word' id='word_1_141' title='bbox 1449 984 1575 1028; x_wconf 90' lang='lat' dir='ltr'>patres</span> <span class='ocrx_word' id='word_1_142' title='bbox 1598 990 1662 1016; x_wconf 86' lang='lat' dir='ltr'>es-</span> 
     </span>
     <span class='ocr_line' id='line_1_18' title="bbox 239 1033 1662 1084; baseline -0.001 -11"><span class='ocrx_word' id='word_1_143' title='bbox 239 1040 337 1081; x_wconf 85' lang='lat' dir='ltr'>seut,</span> <span class='ocrx_word' id='word_1_144' title='bbox 368 1034 460 1072; x_wconf 90' lang='lat' dir='ltr'>aliae</span> <span class='ocrx_word' id='word_1_145' title='bbox 491 1034 654 1084; x_wconf 82' lang='lat' dir='ltr'>insuper</span> <span class='ocrx_word' id='word_1_146' title='bbox 685 1046 730 1071; x_wconf 82' lang='lat' dir='ltr'>ex</span> <span class='ocrx_word' id='word_1_147' title='bbox 754 1033 878 1072; x_wconf 77' lang='lat' dir='ltr'>Sicilia</span> <span class='ocrx_word' id='word_1_148' title='bbox 908 1034 1053 1072; x_wconf 86' lang='lat' dir='ltr'>litterae</span> <span class='ocrx_word' id='word_1_149' title='bbox 1083 1035 1226 1073; x_wconf 86' lang='lat' dir='ltr'>adlatae</span> <span class='ocrx_word' id='word_1_150' title='bbox 1257 1040 1349 1072; x_wconf 88' lang='lat' dir='ltr'>sunt</span> <span class='ocrx_word' id='word_1_151' title='bbox 1369 1034 1415 1072; x_wconf 87' lang='lat' dir='ltr'>ab</span> <span class='ocrx_word' id='word_1_152' title='bbox 1436 1035 1480 1072; x_wconf 91' lang='lat' dir='ltr'>T.</span> <span class='ocrx_word' id='word_1_153' title='bbox 1503 1034 1662 1073; x_wconf 86' lang='lat' dir='ltr'>Otacilio</span> 
     </span>
     <span class='ocr_line' id='line_1_19' title="bbox 198 1090 1662 1141; baseline 0.001 -14"><span class='ocrx_word' id='word_1_154' title='bbox 198 1096 218 1127; x_wconf 79' lang='lat'>7</span> <span class='ocrx_word' id='word_1_155' title='bbox 238 1096 513 1141; x_wconf 80' lang='lat' dir='ltr'>propraetore,</span> <span class='ocrx_word' id='word_1_156' title='bbox 544 1102 710 1140; x_wconf 80' lang='lat' dir='ltr'>reguum</span> <span class='ocrx_word' id='word_1_157' title='bbox 742 1090 923 1128; x_wconf 84' lang='lat' dir='ltr'>Hieronis</span> <span class='ocrx_word' id='word_1_158' title='bbox 950 1091 1069 1129; x_wconf 89' lang='lat' dir='ltr'>classe</span> <span class='ocrx_word' id='word_1_159' title='bbox 1096 1091 1243 1129; x_wconf 86' lang='lat' dir='ltr'>Punica</span> <span class='ocrx_word' id='word_1_160' title='bbox 1274 1091 1433 1136; x_wconf 81' lang='lat' dir='ltr'>vastari;</span> <span class='ocrx_word' id='word_1_161' title='bbox 1480 1091 1540 1129; x_wconf 87' lang='lat' dir='ltr'>cui</span> <span class='ocrx_word' id='word_1_162' title='bbox 1572 1103 1662 1129; x_wconf 88' lang='lat' dir='ltr'>cum</span> 
     </span>
     <span class='ocr_line' id='line_1_20' title="bbox 240 1147 1662 1198; baseline 0.001 -14"><span class='ocrx_word' id='word_1_163' title='bbox 240 1159 354 1198; x_wconf 81' lang='lat' dir='ltr'>opem</span> <span class='ocrx_word' id='word_1_164' title='bbox 383 1147 594 1197; x_wconf 81' lang='lat' dir='ltr'>inploranti</span> <span class='ocrx_word' id='word_1_165' title='bbox 626 1149 727 1184; x_wconf 82' lang='lat' dir='ltr'>serre</span> <span class='ocrx_word' id='word_1_166' title='bbox 759 1147 883 1193; x_wconf 85' lang='lat' dir='ltr'>vellet,</span> <span class='ocrx_word' id='word_1_167' title='bbox 919 1147 1140 1185; x_wconf 86' lang='lat' dir='ltr'>nuntiatum</span> <span class='ocrx_word' id='word_1_168' title='bbox 1168 1147 1239 1185; x_wconf 85' lang='lat' dir='ltr'>sihi</span> <span class='ocrx_word' id='word_1_169' title='bbox 1262 1160 1345 1186; x_wconf 85' lang='lat' dir='ltr'>esse</span> <span class='ocrx_word' id='word_1_170' title='bbox 1368 1147 1479 1185; x_wconf 86' lang='lat' dir='ltr'>aliam</span> <span class='ocrx_word' id='word_1_171' title='bbox 1501 1148 1662 1186; x_wconf 86' lang='lat' dir='ltr'>classem</span> 
     </span>
    </p>
   </div>
   <div class='ocr_carea' id='block_1_5' title="bbox 238 1247 915 1334">
    <p class='ocr_par' dir='ltr' id='par_1_5' title="bbox 238 1247 915 1334">
     <span class='ocr_line' id='line_1_21' title="bbox 239 1247 915 1287; baseline 0 -9"><span class='ocrx_word' id='word_1_172' title='bbox 239 1248 291 1279; x_wconf 85' lang='lat' dir='ltr'>die</span> <span class='ocrx_word' id='word_1_173' title='bbox 318 1247 485 1287; x_wconf 78' lang='lat' dir='ltr'>Lictoren,</span> <span class='ocrx_word' id='word_1_174' title='bbox 513 1250 567 1286; x_wconf 78' lang='lat'>25,</span> <span class='ocrx_word' id='word_1_175' title='bbox 595 1249 625 1287; x_wconf 83' lang='lat'>3,</span> <span class='ocrx_word' id='word_1_176' title='bbox 656 1249 704 1280; x_wconf 77' lang='lat'>18.</span> <span class='ocrx_word' id='word_1_177' title='bbox 722 1266 765 1269; x_wconf 84' lang='lat'>——</span> <span class='ocrx_word' id='word_1_178' title='bbox 787 1249 915 1287; x_wconf 68' lang='lat' dir='ltr'>diversi,</span> 
     </span>
     <span class='ocr_line' id='line_1_22' title="bbox 238 1293 914 1334; baseline -0.003 -8"><span class='ocrx_word' id='word_1_179' title='bbox 238 1298 277 1331; x_wconf 67' lang='grc'>9,</span> <span class='ocrx_word' id='word_1_180' title='bbox 305 1294 336 1331; x_wconf 85' lang='grc'>2,</span> <span class='ocrx_word' id='word_1_181' title='bbox 364 1295 394 1325; x_wconf 88' lang='grc'>2.</span> <span class='ocrx_word' id='word_1_182' title='bbox 422 1310 465 1315; x_wconf 85' lang='grc'>--</span> <span class='ocrx_word' id='word_1_183' title='bbox 492 1296 646 1334; x_wconf 72' lang='lat' dir='ltr'>reliquias</span> <span class='ocrx_word' id='word_1_184' title='bbox 672 1300 750 1325; x_wconf 76' lang='lat' dir='ltr'>tam.</span> <span class='ocrx_word' id='word_1_185' title='bbox 777 1296 832 1327; x_wconf 71' lang='lat' dir='ltr'>el..</span> <span class='ocrx_word' id='word_1_186' title='bbox 862 1293 914 1324; x_wconf 82' lang='lat' dir='ltr'>die</span> 
     </span>
    </p>
   </div>
   <div class='ocr_carea' id='block_1_6' title="bbox 180 1338 916 2598">
    <p class='ocr_par' dir='ltr' id='par_1_6' title="bbox 180 1338 916 2598">
     <span class='ocr_line' id='line_1_23' title="bbox 239 1338 914 1379; baseline 0 -10"><span class='ocrx_word' id='word_1_187' title='bbox 239 1339 320 1370; x_wconf 82' lang='lat' dir='ltr'>nach</span> <span class='ocrx_word' id='word_1_188' title='bbox 358 1339 416 1370; x_wconf 87' lang='lat' dir='ltr'>der</span> <span class='ocrx_word' id='word_1_189' title='bbox 446 1340 678 1379; x_wconf 81' lang='lat' dir='ltr'>ungeheueren</span> <span class='ocrx_word' id='word_1_190' title='bbox 714 1338 914 1378; x_wconf 79' lang='lat' dir='ltr'>Niederlage</span> 
     </span>
     <span class='ocr_line' id='line_1_24' title="bbox 236 1383 915 1425; baseline 0 -10"><span class='ocrx_word' id='word_1_191' title='bbox 236 1384 333 1425; x_wconf 80' lang='lat' dir='ltr'>iibrig</span> <span class='ocrx_word' id='word_1_192' title='bbox 365 1384 579 1424; x_wconf 74' lang='lat' dir='ltr'>gehliebeuen</span> <span class='ocrx_word' id='word_1_193' title='bbox 606 1383 786 1415; x_wconf 81' lang='lat' dir='ltr'>Triimmer.</span> <span class='ocrx_word' id='word_1_194' title='bbox 811 1401 854 1406; x_wconf 89' lang='lat'><em>-</em></span> <span class='ocrx_word' id='word_1_195' title='bbox 879 1387 915 1415; x_wconf 75' lang='lat' dir='ltr'>iu</span> 
     </span>
     <span class='ocr_line' id='line_1_25' title="bbox 236 1433 914 1470; baseline -0.001 -9"><span class='ocrx_word' id='word_1_196' title='bbox 236 1442 261 1462; x_wconf 75' lang='lat' dir='ltr'>e.</span> <span class='ocrx_word' id='word_1_197' title='bbox 289 1436 375 1470; x_wconf 74' lang='lat' dir='ltr'>pret.</span> <span class='ocrx_word' id='word_1_198' title='bbox 413 1441 442 1460; x_wconf 88' lang='lat' dir='ltr'>n.</span> <span class='ocrx_word' id='word_1_199' title='bbox 468 1433 713 1462; x_wconf 70' lang='lat' dir='ltr'>constituendis:</span> <span class='ocrx_word' id='word_1_200' title='bbox 752 1440 804 1461; x_wconf 88' lang='lat' dir='ltr'>um</span> <span class='ocrx_word' id='word_1_201' title='bbox 832 1440 863 1460; x_wconf 90' lang='lat' dir='ltr'>u.</span> <span class='ocrx_word' id='word_1_202' title='bbox 889 1439 914 1460; x_wconf 89' lang='lat' dir='ltr'>s.</span> 
     </span>
     <span class='ocr_line' id='line_1_26' title="bbox 238 1477 914 1514; baseline -0.003 -6"><span class='ocrx_word' id='word_1_203' title='bbox 238 1486 278 1508; x_wconf 71' lang='lat' dir='ltr'>w.</span> <span class='ocrx_word' id='word_1_204' title='bbox 306 1493 350 1497; x_wconf 96' lang='lat'>—</span> <span class='ocrx_word' id='word_1_205' title='bbox 374 1478 624 1514; x_wconf 65' lang='lat' dir='ltr'>nundinantem,</span> <span class='ocrx_word' id='word_1_206' title='bbox 665 1477 732 1506; x_wconf 78' lang='lat' dir='ltr'>‘hoe</span> <span class='ocrx_word' id='word_1_207' title='bbox 764 1477 853 1507; x_wconf 51' lang='lat' dir='ltr'>vce-bo</span> <span class='ocrx_word' id='word_1_208' title='bbox 879 1478 914 1506; x_wconf 70' lang='lat' dir='ltr'>in</span> 
     </span>
     <span class='ocr_line' id='line_1_27' title="bbox 236 1520 913 1562; baseline -0.001 -10"><span class='ocrx_word' id='word_1_209' title='bbox 236 1523 391 1552; x_wconf 67' lang='lat' dir='ltr'>invidiam</span> <span class='ocrx_word' id='word_1_210' title='bbox 402 1523 636 1562; x_wconf 74' lang='lat' dir='ltr'>ludibriumque</span> <span class='ocrx_word' id='word_1_211' title='bbox 644 1522 789 1553; x_wconf 75' lang='lat' dir='ltr'>utumur&#39;</span> <span class='ocrx_word' id='word_1_212' title='bbox 802 1520 913 1559; x_wconf 88' lang='lat' dir='ltr'>Gron.,</span> 
     </span>
     <span class='ocr_line' id='line_1_28' title="bbox 236 1565 914 1608; baseline 0 -12"><span class='ocrx_word' id='word_1_213' title='bbox 236 1566 304 1607; x_wconf 64' lang='lat' dir='ltr'>vgl.</span> <span class='ocrx_word' id='word_1_214' title='bbox 343 1566 394 1598; x_wconf 88' lang='lat' dir='ltr'>die</span> <span class='ocrx_word' id='word_1_215' title='bbox 428 1566 639 1607; x_wconf 75' lang='lat' dir='ltr'>Aeusserung</span> <span class='ocrx_word' id='word_1_216' title='bbox 671 1567 726 1598; x_wconf 88' lang='lat' dir='ltr'>des</span> <span class='ocrx_word' id='word_1_217' title='bbox 764 1565 914 1608; x_wconf 60' lang='lat' dir='ltr'>Pyrrhus</span> 
     </span>
     <span class='ocr_line' id='line_1_29' title="bbox 237 1611 916 1649; baseline -0.001 -6"><span class='ocrx_word' id='word_1_218' title='bbox 237 1622 296 1643; x_wconf 81' lang='lat' dir='ltr'>aus</span> <span class='ocrx_word' id='word_1_219' title='bbox 314 1611 439 1643; x_wconf 87' lang='lat' dir='ltr'>Ennius</span> <span class='ocrx_word' id='word_1_220' title='bbox 458 1611 524 1643; x_wconf 70' lang='lat' dir='ltr'>cic.</span> <span class='ocrx_word' id='word_1_221' title='bbox 547 1611 609 1643; x_wconf 79' lang='lat' dir='ltr'>Oll&#39;.</span> <span class='ocrx_word' id='word_1_222' title='bbox 640 1614 667 1649; x_wconf 88' lang='lat'>1,</span> <span class='ocrx_word' id='word_1_223' title='bbox 698 1614 748 1649; x_wconf 86' lang='grc'>12,</span> <span class='ocrx_word' id='word_1_224' title='bbox 775 1613 835 1645; x_wconf 64' lang='lat'>33:</span> <span class='ocrx_word' id='word_1_225' title='bbox 861 1622 916 1642; x_wconf 69' lang='lat' dir='ltr'>nee</span> 
     </span>
     <span class='ocr_line' id='line_1_30' title="bbox 236 1660 915 1698; baseline -0.003 -9"><span class='ocrx_word' id='word_1_226' title='bbox 236 1666 448 1696; x_wconf 65' lang='lat' dir='ltr'>cauponantes</span> <span class='ocrx_word' id='word_1_227' title='bbox 476 1660 587 1689; x_wconf 80' lang='lat' dir='ltr'>bellum</span> <span class='ocrx_word' id='word_1_228' title='bbox 614 1660 668 1689; x_wconf 77' lang='lat' dir='ltr'>secl</span> <span class='ocrx_word' id='word_1_229' title='bbox 690 1660 915 1698; x_wconf 68' lang='lat' dir='ltr'>belliqe7·ames,</span> 
     </span>
     <span class='ocr_line' id='line_1_31' title="bbox 227 1704 915 1743; baseline -0.003 -8"><span class='ocrx_word' id='word_1_230' title='bbox 227 1704 344 1743; x_wconf 59' lang='lat' dir='ltr'>ferro,</span> <span class='ocrx_word' id='word_1_231' title='bbox 387 1714 452 1734; x_wconf 72' lang='lat' dir='ltr'>uon</span> <span class='ocrx_word' id='word_1_232' title='bbox 492 1714 571 1735; x_wconf 76' lang='lat' dir='ltr'>auro</span> <span class='ocrx_word' id='word_1_233' title='bbox 614 1706 711 1735; x_wconf 73' lang='lat' dir='ltr'>vitam</span> <span class='ocrx_word' id='word_1_234' title='bbox 750 1714 915 1734; x_wconf 72' lang='lat' dir='ltr'>cernamus</span> 
     </span>
     <span class='ocr_line' id='line_1_32' title="bbox 237 1747 914 1789; baseline -0.001 -9"><span class='ocrx_word' id='word_1_235' title='bbox 237 1751 373 1789; x_wconf 60' lang='lat' dir='ltr'>utrique.</span> <span class='ocrx_word' id='word_1_236' title='bbox 423 1748 603 1789; x_wconf 76' lang='lat' dir='ltr'>Uebrigens</span> <span class='ocrx_word' id='word_1_237' title='bbox 637 1748 762 1779; x_wconf 82' lang='lat' dir='ltr'>stiiuint</span> <span class='ocrx_word' id='word_1_238' title='bbox 786 1747 845 1778; x_wconf 83' lang='lat' dir='ltr'>mit</span> <span class='ocrx_word' id='word_1_239' title='bbox 869 1759 914 1779; x_wconf 72' lang='lat' dir='ltr'>se-</span> 
     </span>
     <span class='ocr_line' id='line_1_33' title="bbox 237 1793 872 1831; baseline -0.003 -6"><span class='ocrx_word' id='word_1_240' title='bbox 237 1797 309 1826; x_wconf 76' lang='lat' dir='ltr'>dere</span> <span class='ocrx_word' id='word_1_241' title='bbox 333 1798 397 1827; x_wconf 78' lang='lat' dir='ltr'>etc.</span> <span class='ocrx_word' id='word_1_242' title='bbox 423 1796 476 1831; x_wconf 84' lang='grc'>23,</span> <span class='ocrx_word' id='word_1_243' title='bbox 507 1796 534 1831; x_wconf 90' lang='grc'>1,</span> <span class='ocrx_word' id='word_1_244' title='bbox 567 1796 579 1826; x_wconf 90' lang='grc'>1</span> <span class='ocrx_word' id='word_1_245' title='bbox 611 1794 702 1824; x_wconf 79' lang='lat' dir='ltr'>nicht</span> <span class='ocrx_word' id='word_1_246' title='bbox 726 1793 872 1825; x_wconf 84' lang='lat' dir='ltr'>iibercin.</span> 
     </span>
     <span class='ocr_line' id='line_1_34' title="bbox 284 1840 912 1880; baseline -0.003 -8"><span class='ocrx_word' id='word_1_247' title='bbox 284 1842 383 1872; x_wconf 80' lang='lat'>4—6.</span> <span class='ocrx_word' id='word_1_248' title='bbox 410 1851 532 1871; x_wconf 75' lang='lat' dir='ltr'>sacrum</span> <span class='ocrx_word' id='word_1_249' title='bbox 552 1851 630 1871; x_wconf 70' lang='lat' dir='ltr'>auu.</span> <span class='ocrx_word' id='word_1_250' title='bbox 647 1843 689 1877; x_wconf 60' lang='lat' dir='ltr'>(L,</span> <span class='ocrx_word' id='word_1_251' title='bbox 709 1840 773 1880; x_wconf 72' lang='lat' dir='ltr'>vgl.</span> <span class='ocrx_word' id='word_1_252' title='bbox 800 1840 854 1878; x_wconf 77' lang='lat'>34,</span> <span class='ocrx_word' id='word_1_253' title='bbox 883 1840 912 1878; x_wconf 82' lang='lat'>6,</span> 
     </span>
     <span class='ocr_line' id='line_1_35' title="bbox 242 1887 913 1926; baseline -0.003 -9"><span class='ocrx_word' id='word_1_254' title='bbox 242 1887 298 1917; x_wconf 80' lang='lat'>15:</span> <span class='ocrx_word' id='word_1_255' title='bbox 338 1888 415 1926; x_wconf 69' lang='lat' dir='ltr'>quia</span> <span class='ocrx_word' id='word_1_256' title='bbox 439 1887 561 1917; x_wconf 64' lang='lat' dir='ltr'>Cereris</span> <span class='ocrx_word' id='word_1_257' title='bbox 587 1888 779 1925; x_wconf 68' lang='lat' dir='ltr'>sacrificium</span> <span class='ocrx_word' id='word_1_258' title='bbox 806 1887 913 1925; x_wconf 68' lang='lat' dir='ltr'>laycu-</span> 
     </span>
     <span class='ocr_line' id='line_1_36' title="bbox 236 1933 914 1962; baseline -0.001 -1"><span class='ocrx_word' id='word_1_259' title='bbox 236 1933 320 1962; x_wconf 74' lang='lat' dir='ltr'>tz&#39;bus</span> <span class='ocrx_word' id='word_1_260' title='bbox 352 1933 496 1962; x_wconf 61' lang='lat' dir='ltr'>omnibus</span> <span class='ocrx_word' id='word_1_261' title='bbox 520 1933 675 1962; x_wconf 60' lang='lat' dir='ltr'>matronis</span> <span class='ocrx_word' id='word_1_262' title='bbox 699 1933 914 1962; x_wconf 63' lang='lat' dir='ltr'>intermissum</span> 
     </span>
     <span class='ocr_line' id='line_1_37' title="bbox 236 1974 915 2017; baseline -0.001 -11"><span class='ocrx_word' id='word_1_263' title='bbox 236 1983 314 2017; x_wconf 72' lang='lat' dir='ltr'>erat,</span> <span class='ocrx_word' id='word_1_264' title='bbox 340 1975 426 2009; x_wconf 90' lang='lat' dir='ltr'>Plut.</span> <span class='ocrx_word' id='word_1_265' title='bbox 453 1976 473 2006; x_wconf 91' lang='lat' dir='ltr'>l.</span> <span class='ocrx_word' id='word_1_266' title='bbox 500 1977 520 2007; x_wconf 93' lang='lat' dir='ltr'>l.</span> <span class='ocrx_word' id='word_1_267' title='bbox 562 1977 627 2007; x_wconf 85' lang='lat' dir='ltr'>Das</span> <span class='ocrx_word' id='word_1_268' title='bbox 654 1976 817 2007; x_wconf 82' lang='lat' dir='ltr'>bekannte</span> <span class='ocrx_word' id='word_1_269' title='bbox 835 1974 915 2006; x_wconf 85' lang='lat' dir='ltr'>Fest</span> 
     </span>
     <span class='ocr_line' id='line_1_38' title="bbox 237 2020 913 2062; baseline 0 -11"><span class='ocrx_word' id='word_1_270' title='bbox 237 2022 296 2052; x_wconf 82' lang='lat' dir='ltr'>der</span> <span class='ocrx_word' id='word_1_271' title='bbox 336 2022 434 2052; x_wconf 82' lang='lat' dir='ltr'>Ceres</span> <span class='ocrx_word' id='word_1_272' title='bbox 469 2031 519 2052; x_wconf 84' lang='lat' dir='ltr'>am</span> <span class='ocrx_word' id='word_1_273' title='bbox 554 2023 603 2054; x_wconf 67' lang='lat'>19.</span> <span class='ocrx_word' id='word_1_274' title='bbox 636 2021 748 2062; x_wconf 71' lang='lat' dir='ltr'>April,</span> <span class='ocrx_word' id='word_1_275' title='bbox 786 2030 801 2050; x_wconf 88' lang='lat' dir='ltr'>s</span> <span class='ocrx_word' id='word_1_276' title='bbox 852 2020 913 2051; x_wconf 81' lang='lat' dir='ltr'>Ov.</span> 
     </span>
     <span class='ocr_line' id='line_1_39' title="bbox 236 2065 914 2106; baseline 0.001 -9"><span class='ocrx_word' id='word_1_277' title='bbox 236 2066 326 2098; x_wconf 81' lang='lat' dir='ltr'>Fast.</span> <span class='ocrx_word' id='word_1_278' title='bbox 354 2068 392 2106; x_wconf 83' lang='grc'>4,</span> <span class='ocrx_word' id='word_1_279' title='bbox 420 2068 502 2104; x_wconf 55' lang='lat' dir='ltr'>olm</span> <span class='ocrx_word' id='word_1_280' title='bbox 539 2066 647 2098; x_wconf 57' lang='lat' dir='ltr'>Yam-0</span> <span class='ocrx_word' id='word_1_281' title='bbox 672 2066 707 2097; x_wconf 91' lang='lat' dir='ltr'>L.</span> <span class='ocrx_word' id='word_1_282' title='bbox 735 2065 769 2096; x_wconf 88' lang='lat' dir='ltr'>L.</span> <span class='ocrx_word' id='word_1_283' title='bbox 795 2067 832 2100; x_wconf 71' lang='grc'>6,</span> <span class='ocrx_word' id='word_1_284' title='bbox 863 2067 914 2103; x_wconf 84' lang='lat'>15,</span> 
     </span>
     <span class='ocr_line' id='line_1_40' title="bbox 238 2110 912 2152; baseline 0 -10"><span class='ocrx_word' id='word_1_285' title='bbox 238 2112 323 2143; x_wconf 80' lang='lat' dir='ltr'>kann</span> <span class='ocrx_word' id='word_1_286' title='bbox 344 2112 417 2143; x_wconf 82' lang='lat' dir='ltr'>hier</span> <span class='ocrx_word' id='word_1_287' title='bbox 434 2111 525 2142; x_wconf 74' lang='lat' dir='ltr'>nicht</span> <span class='ocrx_word' id='word_1_288' title='bbox 545 2112 688 2152; x_wconf 75' lang='lat' dir='ltr'>gemeint</span> <span class='ocrx_word' id='word_1_289' title='bbox 706 2111 786 2145; x_wconf 81' lang='lat' dir='ltr'>sein,</span> <span class='ocrx_word' id='word_1_290' title='bbox 810 2110 912 2142; x_wconf 81' lang='lat' dir='ltr'>dadie</span> 
     </span>
     <span class='ocr_line' id='line_1_41' title="bbox 237 2155 913 2196; baseline -0.003 -8"><span class='ocrx_word' id='word_1_291' title='bbox 237 2158 395 2188; x_wconf 75' lang='lat' dir='ltr'>Schlacht</span> <span class='ocrx_word' id='word_1_292' title='bbox 432 2158 513 2188; x_wconf 79' lang='lat' dir='ltr'>nach</span> <span class='ocrx_word' id='word_1_293' title='bbox 549 2158 620 2188; x_wconf 86' lang='lat' dir='ltr'>dem</span> <span class='ocrx_word' id='word_1_294' title='bbox 644 2155 913 2196; x_wconf 78' lang='lat' dir='ltr'>uuberichtigten</span> 
     </span>
     <span class='ocr_line' id='line_1_42' title="bbox 180 2201 913 2248; baseline -0.003 -14"><span class='ocrx_word' id='word_1_295' title='bbox 180 2239 188 2248; x_wconf 75' lang='lat'>.</span> <span class='ocrx_word' id='word_1_296' title='bbox 236 2202 413 2243; x_wconf 72' lang='lat' dir='ltr'>Halcnder,</span> <span class='ocrx_word' id='word_1_297' title='bbox 435 2213 459 2236; x_wconf 84' lang='lat' dir='ltr'>s.</span> <span class='ocrx_word' id='word_1_298' title='bbox 475 2201 560 2233; x_wconf 81' lang='lat' dir='ltr'>Gell.</span> <span class='ocrx_word' id='word_1_299' title='bbox 580 2205 609 2241; x_wconf 81' lang='lat'>5,</span> <span class='ocrx_word' id='word_1_300' title='bbox 632 2204 682 2242; x_wconf 76' lang='lat'>17,</span> <span class='ocrx_word' id='word_1_301' title='bbox 705 2205 742 2234; x_wconf 89' lang='lat'>5:</span> <span class='ocrx_word' id='word_1_302' title='bbox 768 2202 803 2238; x_wconf 77' lang='lat' dir='ltr'>Q.</span> <span class='ocrx_word' id='word_1_303' title='bbox 821 2204 913 2232; x_wconf 79' lang='lat' dir='ltr'>Clau-</span> 
     </span>
     <span class='ocr_line' id='line_1_43' title="bbox 236 2249 913 2288; baseline -0.001 -9"><span class='ocrx_word' id='word_1_304' title='bbox 236 2251 310 2279; x_wconf 67' lang='lat' dir='ltr'>dius</span> <span class='ocrx_word' id='word_1_305' title='bbox 344 2251 511 2280; x_wconf 58' lang='lat' dir='ltr'>aumatium</span> <span class='ocrx_word' id='word_1_306' title='bbox 543 2251 652 2288; x_wconf 63' lang='lat' dir='ltr'>quinto</span> <span class='ocrx_word' id='word_1_307' title='bbox 685 2249 800 2279; x_wconf 79' lang='lat' dir='ltr'>cladem</span> <span class='ocrx_word' id='word_1_308' title='bbox 826 2250 913 2278; x_wconf 77' lang='lat' dir='ltr'>illam</span> 
     </span>
     <span class='ocr_line' id='line_1_44' title="bbox 228 2294 913 2335; baseline 0 -11"><span class='ocrx_word' id='word_1_309' title='bbox 228 2305 358 2335; x_wconf 71' lang='lat' dir='ltr'>stuynae</span> <span class='ocrx_word' id='word_1_310' title='bbox 395 2296 567 2325; x_wconf 64' lang='lat' dir='ltr'>Cannensis</span> <span class='ocrx_word' id='word_1_311' title='bbox 598 2295 808 2325; x_wconf 70' lang='lat' dir='ltr'>vastissimam</span> <span class='ocrx_word' id='word_1_312' title='bbox 833 2294 913 2333; x_wconf 77' lang='lat' dir='ltr'>fae-</span> 
     </span>
     <span class='ocr_line' id='line_1_45' title="bbox 234 2340 914 2380; baseline -0.003 -10"><span class='ocrx_word' id='word_1_313' title='bbox 234 2349 297 2370; x_wconf 75' lang='lat' dir='ltr'>tam</span> <span class='ocrx_word' id='word_1_314' title='bbox 322 2342 397 2371; x_wconf 70' lang='lat' dir='ltr'>dicit</span> <span class='ocrx_word' id='word_1_315' title='bbox 423 2346 494 2372; x_wconf 79' lang='lat' dir='ltr'>ame</span> <span class='ocrx_word' id='word_1_316' title='bbox 522 2342 602 2371; x_wconf 61' lang='lat' dir='ltr'>diem</span> <span class='ocrx_word' id='word_1_317' title='bbox 626 2346 778 2380; x_wconf 72' lang='lat' dir='ltr'>quartum</span> <span class='ocrx_word' id='word_1_318' title='bbox 802 2340 914 2369; x_wconf 66' lang='lat' dir='ltr'>Nonas</span> 
     </span>
     <span class='ocr_line' id='line_1_46' title="bbox 236 2384 914 2425; baseline -0.001 -10"><span class='ocrx_word' id='word_1_319' title='bbox 236 2386 392 2424; x_wconf 44' lang='lat' dir='ltr'>Sextilem</span> <span class='ocrx_word' id='word_1_320' title='bbox 424 2384 567 2417; x_wconf 85' lang='lat' dir='ltr'>Macrob.</span> <span class='ocrx_word' id='word_1_321' title='bbox 601 2386 635 2425; x_wconf 86' lang='lat'>1,</span> <span class='ocrx_word' id='word_1_322' title='bbox 667 2386 723 2423; x_wconf 68' lang='lat'>16,</span> <span class='ocrx_word' id='word_1_323' title='bbox 755 2385 815 2423; x_wconf 85' lang='grc'>26,</span> <span class='ocrx_word' id='word_1_324' title='bbox 843 2388 914 2414; x_wconf 86' lang='lat' dir='ltr'>crst</span> 
     </span>
     <span class='ocr_line' id='line_1_47' title="bbox 236 2429 913 2470; baseline -0.001 -10"><span class='ocrx_word' id='word_1_325' title='bbox 236 2440 286 2461; x_wconf 81' lang='lat' dir='ltr'>am</span> <span class='ocrx_word' id='word_1_326' title='bbox 306 2432 337 2464; x_wconf 82' lang='grc'>2.</span> <span class='ocrx_word' id='word_1_327' title='bbox 353 2430 482 2470; x_wconf 72' lang='lat' dir='ltr'>August</span> <span class='ocrx_word' id='word_1_328' title='bbox 501 2429 657 2470; x_wconf 81' lang='lat' dir='ltr'>geliefert</span> <span class='ocrx_word' id='word_1_329' title='bbox 674 2429 798 2466; x_wconf 81' lang='lat' dir='ltr'>wurde,</span> <span class='ocrx_word' id='word_1_330' title='bbox 818 2439 913 2460; x_wconf 81' lang='lat' dir='ltr'>wenn</span> 
     </span>
     <span class='ocr_line' id='line_1_48' title="bbox 235 2475 913 2513; baseline -0.001 -8"><span class='ocrx_word' id='word_1_331' title='bbox 235 2477 319 2506; x_wconf 82' lang='lat' dir='ltr'>auch</span> <span class='ocrx_word' id='word_1_332' title='bbox 345 2477 427 2507; x_wconf 75' lang='lat' dir='ltr'>nach</span> <span class='ocrx_word' id='word_1_333' title='bbox 447 2486 472 2506; x_wconf 70' lang='lat' dir='ltr'>c⁴</span> <span class='ocrx_word' id='word_1_334' title='bbox 492 2478 546 2508; x_wconf 77' lang='lat'>43.</span> <span class='ocrx_word' id='word_1_335' title='bbox 575 2478 592 2508; x_wconf 88' lang='lat'>5</span> <span class='ocrx_word' id='word_1_336' title='bbox 612 2475 677 2506; x_wconf 89' lang='lat' dir='ltr'>und</span> <span class='ocrx_word' id='word_1_337' title='bbox 698 2477 752 2513; x_wconf 78' lang='lat'>46,</span> <span class='ocrx_word' id='word_1_338' title='bbox 776 2478 795 2507; x_wconf 76' lang='lat'>9</span> <span class='ocrx_word' id='word_1_339' title='bbox 814 2484 913 2505; x_wconf 83' lang='lat' dir='ltr'>anzu-</span> 
     </span>
     <span class='ocr_line' id='line_1_49' title="bbox 239 2521 913 2561; baseline 0 -11"><span class='ocrx_word' id='word_1_340' title='bbox 239 2522 372 2552; x_wconf 79' lang='lat' dir='ltr'>nehmen</span> <span class='ocrx_word' id='word_1_341' title='bbox 392 2522 446 2561; x_wconf 86' lang='lat' dir='ltr'>ist,</span> <span class='ocrx_word' id='word_1_342' title='bbox 473 2522 548 2552; x_wconf 85' lang='lat' dir='ltr'>dass</span> <span class='ocrx_word' id='word_1_343' title='bbox 566 2522 613 2552; x_wconf 81' lang='lat' dir='ltr'>sie</span> <span class='ocrx_word' id='word_1_344' title='bbox 632 2521 713 2551; x_wconf 83' lang='lat' dir='ltr'>nach</span> <span class='ocrx_word' id='word_1_345' title='bbox 742 2521 813 2551; x_wconf 82' lang='lat' dir='ltr'>dem</span> <span class='ocrx_word' id='word_1_346' title='bbox 835 2530 913 2551; x_wconf 69' lang='lat' dir='ltr'>ver-</span> 
     </span>
     <span class='ocr_line' id='line_1_50' title="bbox 236 2565 916 2598; baseline 0 -1"><span class='ocrx_word' id='word_1_347' title='bbox 236 2567 404 2598; x_wconf 72' lang='lat' dir='ltr'>bessertcn</span> <span class='ocrx_word' id='word_1_348' title='bbox 442 2565 609 2598; x_wconf 81' lang='lat' dir='ltr'>h&#39;alender</span> <span class='ocrx_word' id='word_1_349' title='bbox 644 2570 729 2597; x_wconf 77' lang='lat' dir='ltr'>etwa</span> <span class='ocrx_word' id='word_1_350' title='bbox 764 2566 807 2596; x_wconf 89' lang='lat' dir='ltr'>im</span> <span class='ocrx_word' id='word_1_351' title='bbox 839 2565 916 2597; x_wconf 85' lang='lat' dir='ltr'>Juui</span> 
     </span>
    </p>
   </div>
   <div class='ocr_carea' id='block_1_7' title="bbox 976 1247 1664 2470">
    <p class='ocr_par' dir='ltr' id='par_1_7' title="bbox 976 1247 1664 2378">
     <span class='ocr_line' id='line_1_51' title="bbox 985 1247 1661 1289; baseline -0.003 -9"><span class='ocrx_word' id='word_1_352' title='bbox 985 1247 1109 1289; x_wconf 76' lang='lat' dir='ltr'>erfolgt</span> <span class='ocrx_word' id='word_1_353' title='bbox 1128 1247 1186 1281; x_wconf 86' lang='lat' dir='ltr'>sei.</span> <span class='ocrx_word' id='word_1_354' title='bbox 1222 1247 1287 1279; x_wconf 85' lang='lat' dir='ltr'>Das</span> <span class='ocrx_word' id='word_1_355' title='bbox 1305 1247 1378 1279; x_wconf 86' lang='lat' dir='ltr'>hier</span> <span class='ocrx_word' id='word_1_356' title='bbox 1395 1248 1567 1279; x_wconf 73' lang='lat' dir='ltr'>erwiihnte</span> <span class='ocrx_word' id='word_1_357' title='bbox 1584 1247 1661 1279; x_wconf 86' lang='lat' dir='ltr'>bald</span> 
     </span>
     <span class='ocr_line' id='line_1_52' title="bbox 984 1292 1663 1334; baseline 0 -10"><span class='ocrx_word' id='word_1_358' title='bbox 984 1295 1067 1325; x_wconf 80' lang='lat' dir='ltr'>nach</span> <span class='ocrx_word' id='word_1_359' title='bbox 1093 1294 1163 1325; x_wconf 82' lang='lat' dir='ltr'>dein</span> <span class='ocrx_word' id='word_1_360' title='bbox 1193 1295 1223 1326; x_wconf 87' lang='lat'>2.</span> <span class='ocrx_word' id='word_1_361' title='bbox 1248 1293 1380 1334; x_wconf 85' lang='lat' dir='ltr'>August</span> <span class='ocrx_word' id='word_1_362' title='bbox 1404 1292 1564 1333; x_wconf 83' lang='lat' dir='ltr'>gefeierte</span> <span class='ocrx_word' id='word_1_363' title='bbox 1581 1292 1663 1324; x_wconf 85' lang='lat' dir='ltr'>Fest</span> 
     </span>
     <span class='ocr_line' id='line_1_53' title="bbox 984 1338 1661 1370; baseline -0.001 0"><span class='ocrx_word' id='word_1_364' title='bbox 984 1339 1028 1370; x_wconf 86' lang='lat' dir='ltr'>ist</span> <span class='ocrx_word' id='word_1_365' title='bbox 1053 1339 1226 1370; x_wconf 82' lang='lat' dir='ltr'>vielleicht</span> <span class='ocrx_word' id='word_1_366' title='bbox 1255 1339 1313 1370; x_wconf 85' lang='lat' dir='ltr'>das</span> <span class='ocrx_word' id='word_1_367' title='bbox 1340 1349 1403 1370; x_wconf 88' lang='lat' dir='ltr'>von</span> <span class='ocrx_word' id='word_1_368' title='bbox 1429 1339 1545 1370; x_wconf 82' lang='lat' dir='ltr'>Cicero</span> <span class='ocrx_word' id='word_1_369' title='bbox 1570 1338 1661 1370; x_wconf 83' lang='lat' dir='ltr'>Balb.</span> 
     </span>
     <span class='ocr_line' id='line_1_54' title="bbox 984 1384 1663 1425; baseline -0.003 -8"><span class='ocrx_word' id='word_1_370' title='bbox 984 1386 1038 1422; x_wconf 83' lang='grc'>24,</span> <span class='ocrx_word' id='word_1_371' title='bbox 1066 1387 1119 1423; x_wconf 82' lang='grc'>55,</span> <span class='ocrx_word' id='word_1_372' title='bbox 1148 1384 1247 1425; x_wconf 81' lang='lat' dir='ltr'>Legg.</span> <span class='ocrx_word' id='word_1_373' title='bbox 1268 1386 1298 1423; x_wconf 97' lang='grc'>2,</span> <span class='ocrx_word' id='word_1_374' title='bbox 1325 1386 1356 1424; x_wconf 85' lang='grc'>9,</span> <span class='ocrx_word' id='word_1_375' title='bbox 1383 1386 1444 1423; x_wconf 72' lang='lat'>213</span> <span class='ocrx_word' id='word_1_376' title='bbox 1474 1386 1526 1425; x_wconf 82' lang='lat'>15,</span> <span class='ocrx_word' id='word_1_377' title='bbox 1548 1385 1590 1417; x_wconf 74' lang='lat'>37</span> <span class='ocrx_word' id='word_1_378' title='bbox 1607 1394 1663 1415; x_wconf 87' lang='lat' dir='ltr'>er-</span> 
     </span>
     <span class='ocr_line' id='line_1_55' title="bbox 983 1428 1662 1470; baseline 0.001 -10"><span class='ocrx_word' id='word_1_379' title='bbox 983 1431 1137 1469; x_wconf 75' lang='lat' dir='ltr'>wiihnte3</span> <span class='ocrx_word' id='word_1_380' title='bbox 1159 1431 1236 1461; x_wconf 85' lang='lat' dir='ltr'>dass</span> <span class='ocrx_word' id='word_1_381' title='bbox 1256 1440 1290 1461; x_wconf 90' lang='lat' dir='ltr'>es</span> <span class='ocrx_word' id='word_1_382' title='bbox 1308 1429 1360 1461; x_wconf 90' lang='lat' dir='ltr'>ein</span> <span class='ocrx_word' id='word_1_383' title='bbox 1370 1428 1590 1461; x_wconf 83' lang='lat' dir='ltr'>Frendenfest</span> <span class='ocrx_word' id='word_1_384' title='bbox 1603 1439 1662 1470; x_wconf 83' lang='lat' dir='ltr'>ge-</span> 
     </span>
     <span class='ocr_line' id='line_1_56' title="bbox 984 1476 1662 1516; baseline 0.001 -11"><span class='ocrx_word' id='word_1_385' title='bbox 984 1486 1093 1507; x_wconf 79' lang='lat' dir='ltr'>wesen</span> <span class='ocrx_word' id='word_1_386' title='bbox 1121 1476 1181 1515; x_wconf 86' lang='lat' dir='ltr'>sei,</span> <span class='ocrx_word' id='word_1_387' title='bbox 1207 1476 1285 1516; x_wconf 82' lang='lat' dir='ltr'>geht</span> <span class='ocrx_word' id='word_1_388' title='bbox 1311 1486 1368 1506; x_wconf 85' lang='lat' dir='ltr'>aus</span> <span class='ocrx_word' id='word_1_389' title='bbox 1385 1477 1463 1516; x_wconf 71' lang='lat' dir='ltr'>quia</span> <span class='ocrx_word' id='word_1_390' title='bbox 1480 1486 1535 1507; x_wconf 77' lang='lat' dir='ltr'>nee</span> <span class='ocrx_word' id='word_1_391' title='bbox 1554 1478 1662 1516; x_wconf 68' lang='lat' dir='ltr'>luqeu·</span> 
     </span>
     <span class='ocr_line' id='line_1_57' title="bbox 983 1520 1661 1561; baseline -0.003 -8"><span class='ocrx_word' id='word_1_392' title='bbox 983 1523 1065 1553; x_wconf 73' lang='lat' dir='ltr'>tibus</span> <span class='ocrx_word' id='word_1_393' title='bbox 1089 1525 1151 1552; x_wconf 84' lang='lat' dir='ltr'>ete.</span> <span class='ocrx_word' id='word_1_394' title='bbox 1178 1522 1311 1561; x_wconf 81' lang='lat' dir='ltr'>her-vor,</span> <span class='ocrx_word' id='word_1_395' title='bbox 1338 1521 1403 1560; x_wconf 77' lang='lat' dir='ltr'>vgl.</span> <span class='ocrx_word' id='word_1_396' title='bbox 1430 1522 1484 1561; x_wconf 87' lang='lat'>34,</span> <span class='ocrx_word' id='word_1_397' title='bbox 1510 1522 1548 1560; x_wconf 79' lang='lat'>63</span> <span class='ocrx_word' id='word_1_398' title='bbox 1571 1520 1661 1552; x_wconf 80' lang='lat' dir='ltr'>Fest.</span> 
     </span>
     <span class='ocr_line' id='line_1_58' title="bbox 983 1568 1662 1608; baseline -0.001 -10"><span class='ocrx_word' id='word_1_399' title='bbox 983 1578 1012 1608; x_wconf 88' lang='lat' dir='ltr'>p.</span> <span class='ocrx_word' id='word_1_400' title='bbox 1050 1569 1133 1600; x_wconf 77' lang='lat'>154:</span> <span class='ocrx_word' id='word_1_401' title='bbox 1169 1569 1329 1598; x_wconf 76' lang='lat' dir='ltr'>minuitur</span> <span class='ocrx_word' id='word_1_402' title='bbox 1346 1569 1465 1605; x_wconf 72' lang='lat' dir='ltr'>populo</span> <span class='ocrx_word' id='word_1_403' title='bbox 1489 1568 1591 1597; x_wconf 69' lang='lat' dir='ltr'>luctus</span> <span class='ocrx_word' id='word_1_404' title='bbox 1617 1584 1662 1588; x_wconf 94' lang='lat'>—</span> 
     </span>
     <span class='ocr_line' id='line_1_59' title="bbox 983 1611 1662 1649; baseline -0.001 -6"><span class='ocrx_word' id='word_1_405' title='bbox 983 1623 1052 1644; x_wconf 81' lang='lat' dir='ltr'>eum</span> <span class='ocrx_word' id='word_1_406' title='bbox 1077 1615 1112 1643; x_wconf 78' lang='lat' dir='ltr'>iu</span> <span class='ocrx_word' id='word_1_407' title='bbox 1136 1618 1218 1643; x_wconf 80' lang='lat' dir='ltr'>casto</span> <span class='ocrx_word' id='word_1_408' title='bbox 1240 1615 1360 1643; x_wconf 75' lang='lat' dir='ltr'>Cereris</span> <span class='ocrx_word' id='word_1_409' title='bbox 1384 1618 1447 1649; x_wconf 51' lang='grc' dir='ltr'>(εκ</span> <span class='ocrx_word' id='word_1_410' title='bbox 1473 1611 1600 1643; x_wconf 81' lang='lat' dir='ltr'>Merkel</span> <span class='ocrx_word' id='word_1_411' title='bbox 1620 1622 1662 1642; x_wconf 91' lang='lat' dir='ltr'>zu</span> 
     </span>
     <span class='ocr_line' id='line_1_60' title="bbox 984 1655 1661 1698; baseline 0 -10"><span class='ocrx_word' id='word_1_412' title='bbox 984 1657 1070 1688; x_wconf 77' lang='lat' dir='ltr'><strong>Ovid</strong></span> <span class='ocrx_word' id='word_1_413' title='bbox 1093 1657 1184 1688; x_wconf 79' lang='lat' dir='ltr'>Fast.</span> <span class='ocrx_word' id='word_1_414' title='bbox 1205 1656 1380 1688; x_wconf 78' lang='lat' dir='ltr'>CLXXIX</span> <span class='ocrx_word' id='word_1_415' title='bbox 1408 1667 1472 1698; x_wconf 80' lang='lat' dir='ltr'>sq.;</span> <span class='ocrx_word' id='word_1_416' title='bbox 1502 1655 1562 1688; x_wconf 89' lang='lat' dir='ltr'>Ov.</span> <span class='ocrx_word' id='word_1_417' title='bbox 1583 1656 1661 1688; x_wconf 78' lang='lat' dir='ltr'>Met.</span> 
     </span>
     <span class='ocr_line' id='line_1_61' title="bbox 988 1700 1661 1744; baseline -0.003 -9"><span class='ocrx_word' id='word_1_418' title='bbox 988 1705 1038 1744; x_wconf 77' lang='lat'>10,</span> <span class='ocrx_word' id='word_1_419' title='bbox 1064 1704 1149 1742; x_wconf 75' lang='lat'>4323</span> <span class='ocrx_word' id='word_1_420' title='bbox 1177 1702 1250 1734; x_wconf 82' lang='lat' dir='ltr'>Val.</span> <span class='ocrx_word' id='word_1_421' title='bbox 1270 1702 1358 1734; x_wconf 83' lang='lat' dir='ltr'>Max.</span> <span class='ocrx_word' id='word_1_422' title='bbox 1383 1704 1456 1742; x_wconf 78' lang='lat'>1,1,</span> <span class='ocrx_word' id='word_1_423' title='bbox 1482 1704 1539 1738; x_wconf 78' lang='lat'>15;</span> <span class='ocrx_word' id='word_1_424' title='bbox 1565 1700 1661 1733; x_wconf 87' lang='lat' dir='ltr'>Prel-</span> 
     </span>
     <span class='ocr_line' id='line_1_62' title="bbox 983 1748 1660 1789; baseline 0.003 -10"><span class='ocrx_word' id='word_1_425' title='bbox 983 1748 1033 1780; x_wconf 88' lang='lat' dir='ltr'>ler</span> <span class='ocrx_word' id='word_1_426' title='bbox 1058 1750 1134 1781; x_wconf 76' lang='lat'>438.</span> <span class='ocrx_word' id='word_1_427' title='bbox 1160 1766 1203 1770; x_wconf 89' lang='lat'>——</span> <span class='ocrx_word' id='word_1_428' title='bbox 1230 1759 1339 1787; x_wconf 74' lang='lat' dir='ltr'>expers</span> <span class='ocrx_word' id='word_1_429' title='bbox 1354 1749 1489 1789; x_wconf 74' lang='lat' dir='ltr'>fuerat,</span> <span class='ocrx_word' id='word_1_430' title='bbox 1517 1748 1579 1789; x_wconf 86' lang='lat'>21,</span> <span class='ocrx_word' id='word_1_431' title='bbox 1607 1749 1660 1788; x_wconf 88' lang='lat'>39,</span> 
     </span>
     <span class='ocr_line' id='line_1_63' title="bbox 984 1793 1659 1834; baseline -0.003 -8"><span class='ocrx_word' id='word_1_432' title='bbox 984 1796 1022 1827; x_wconf 77' lang='lat'>9:</span> <span class='ocrx_word' id='word_1_433' title='bbox 1064 1794 1154 1824; x_wconf 86' lang='lat' dir='ltr'>nieht</span> <span class='ocrx_word' id='word_1_434' title='bbox 1187 1793 1219 1824; x_wconf 88' lang='lat' dir='ltr'>in</span> <span class='ocrx_word' id='word_1_435' title='bbox 1244 1793 1373 1824; x_wconf 84' lang='lat' dir='ltr'>Trauer</span> <span class='ocrx_word' id='word_1_436' title='bbox 1400 1796 1549 1824; x_wconf 81' lang='lat' dir='ltr'>versetzt</span> <span class='ocrx_word' id='word_1_437' title='bbox 1577 1803 1659 1834; x_wconf 82' lang='lat' dir='ltr'>war,</span> 
     </span>
     <span class='ocr_line' id='line_1_64' title="bbox 983 1838 1662 1871; baseline 0 -1"><span class='ocrx_word' id='word_1_438' title='bbox 983 1839 1033 1870; x_wconf 87' lang='lat' dir='ltr'>als</span> <span class='ocrx_word' id='word_1_439' title='bbox 1057 1850 1131 1871; x_wconf 81' lang='lat' dir='ltr'>inan</span> <span class='ocrx_word' id='word_1_440' title='bbox 1160 1839 1218 1870; x_wconf 87' lang='lat' dir='ltr'>das</span> <span class='ocrx_word' id='word_1_441' title='bbox 1243 1838 1323 1870; x_wconf 84' lang='lat' dir='ltr'>Fest</span> <span class='ocrx_word' id='word_1_442' title='bbox 1348 1838 1476 1870; x_wconf 81' lang='lat' dir='ltr'>feierte.</span> <span class='ocrx_word' id='word_1_443' title='bbox 1502 1856 1544 1860; x_wconf 80' lang='lat'>—</span> <span class='ocrx_word' id='word_1_444' title='bbox 1569 1849 1662 1870; x_wconf 78' lang='lat' dir='ltr'>sacra</span> 
     </span>
     <span class='ocr_line' id='line_1_65' title="bbox 976 1886 1660 1925; baseline -0.003 -9"><span class='ocrx_word' id='word_1_445' title='bbox 976 1887 1086 1925; x_wconf 59' lang='lat' dir='ltr'>publ,</span> <span class='ocrx_word' id='word_1_446' title='bbox 1115 1887 1145 1925; x_wconf 87' lang='lat'>5,</span> <span class='ocrx_word' id='word_1_447' title='bbox 1172 1887 1225 1925; x_wconf 82' lang='lat'>52,</span> <span class='ocrx_word' id='word_1_448' title='bbox 1252 1886 1282 1916; x_wconf 83' lang='lat'>4.</span> <span class='ocrx_word' id='word_1_449' title='bbox 1308 1901 1350 1906; x_wconf 86' lang='lat'>—</span> <span class='ocrx_word' id='word_1_450' title='bbox 1379 1886 1487 1915; x_wconf 77' lang='lat' dir='ltr'>diebus</span> <span class='ocrx_word' id='word_1_451' title='bbox 1511 1890 1573 1922; x_wconf 64' lang='lat' dir='ltr'>tou,</span> <span class='ocrx_word' id='word_1_452' title='bbox 1600 1894 1660 1915; x_wconf 79' lang='lat' dir='ltr'>an-</span> 
     </span>
     <span class='ocr_line' id='line_1_66' title="bbox 983 1929 1660 1971; baseline -0.001 -10"><span class='ocrx_word' id='word_1_453' title='bbox 983 1931 1057 1961; x_wconf 83' lang='lat' dir='ltr'>ders</span> <span class='ocrx_word' id='word_1_454' title='bbox 1083 1929 1174 1961; x_wconf 82' lang='lat' dir='ltr'>Paul.</span> <span class='ocrx_word' id='word_1_455' title='bbox 1204 1929 1294 1960; x_wconf 78' lang='lat' dir='ltr'>Diae.</span> <span class='ocrx_word' id='word_1_456' title='bbox 1320 1940 1349 1971; x_wconf 85' lang='lat' dir='ltr'>p.</span> <span class='ocrx_word' id='word_1_457' title='bbox 1376 1932 1437 1962; x_wconf 77' lang='lat'>97:</span> <span class='ocrx_word' id='word_1_458' title='bbox 1464 1931 1583 1961; x_wconf 74' lang='lat' dir='ltr'>Graeca</span> <span class='ocrx_word' id='word_1_459' title='bbox 1610 1941 1660 1960; x_wconf 75' lang='grc' dir='ltr'>,ςα-</span> 
     </span>
     <span class='ocr_line' id='line_1_67' title="bbox 982 1976 1660 2015; baseline 0 -9"><span class='ocrx_word' id='word_1_460' title='bbox 982 1987 1037 2007; x_wconf 77' lang='lat' dir='ltr'>cra</span> <span class='ocrx_word' id='word_1_461' title='bbox 1058 1976 1148 2015; x_wconf 77' lang='lat' dir='ltr'>festa</span> <span class='ocrx_word' id='word_1_462' title='bbox 1173 1978 1293 2007; x_wconf 70' lang='lat' dir='ltr'>Cereris</span> <span class='ocrx_word' id='word_1_463' title='bbox 1322 1986 1359 2006; x_wconf 75' lang='lat' dir='ltr'>ex</span> <span class='ocrx_word' id='word_1_464' title='bbox 1384 1977 1518 2007; x_wconf 70' lang='lat' dir='ltr'>Graecia</span> <span class='ocrx_word' id='word_1_465' title='bbox 1552 1981 1660 2006; x_wconf 75' lang='lat' dir='ltr'>traus-</span> 
     </span>
     <span class='ocr_line' id='line_1_68' title="bbox 984 2022 1661 2061; baseline -0.001 -9"><span class='ocrx_word' id='word_1_466' title='bbox 984 2024 1058 2059; x_wconf 73' lang='lat' dir='ltr'>lata,</span> <span class='ocrx_word' id='word_1_467' title='bbox 1084 2032 1162 2061; x_wconf 81' lang='lat' dir='ltr'>quae</span> <span class='ocrx_word' id='word_1_468' title='bbox 1186 2023 1228 2052; x_wconf 82' lang='lat' dir='ltr'>ob</span> <span class='ocrx_word' id='word_1_469' title='bbox 1257 2022 1661 2052; x_wconf 58' lang='lat' dir='ltr'>inventionemPro-</span> 
     </span>
     <span class='ocr_line' id='line_1_69' title="bbox 984 2068 1664 2106; baseline 0 -9"><span class='ocrx_word' id='word_1_470' title='bbox 984 2069 1179 2104; x_wconf 67' lang='lat' dir='ltr'>serpiuae</span> <span class='ocrx_word' id='word_1_471' title='bbox 1217 2073 1380 2098; x_wconf 78' lang='lat' dir='ltr'>matronae</span> <span class='ocrx_word' id='word_1_472' title='bbox 1403 2068 1549 2097; x_wconf 78' lang='lat' dir='ltr'>colebant.</span> <span class='ocrx_word' id='word_1_473' title='bbox 1582 2077 1664 2106; x_wconf 82' lang='lat' dir='ltr'>quae</span> 
     </span>
     <span class='ocr_line' id='line_1_70' title="bbox 983 2114 1659 2151; baseline -0.001 -8"><span class='ocrx_word' id='word_1_474' title='bbox 983 2123 1091 2151; x_wconf 76' lang='lat' dir='ltr'>saera,</span> <span class='ocrx_word' id='word_1_475' title='bbox 1135 2114 1209 2142; x_wconf 78' lang='lat' dir='ltr'>dum</span> <span class='ocrx_word' id='word_1_476' title='bbox 1250 2123 1314 2143; x_wconf 69' lang='lat' dir='ltr'>non</span> <span class='ocrx_word' id='word_1_477' title='bbox 1356 2118 1456 2143; x_wconf 78' lang='lat' dir='ltr'>esseut</span> <span class='ocrx_word' id='word_1_478' title='bbox 1486 2118 1659 2149; x_wconf 72' lang='lat' dir='ltr'>matronae,</span> 
     </span>
     <span class='ocr_line' id='line_1_71' title="bbox 983 2159 1660 2198; baseline -0.003 -9"><span class='ocrx_word' id='word_1_479' title='bbox 983 2168 1064 2198; x_wconf 81' lang='lat' dir='ltr'>quae</span> <span class='ocrx_word' id='word_1_480' title='bbox 1078 2159 1230 2198; x_wconf 76' lang='lat' dir='ltr'>facerent</span> <span class='ocrx_word' id='word_1_481' title='bbox 1248 2164 1383 2197; x_wconf 71' lang='lat' dir='ltr'>propter</span> <span class='ocrx_word' id='word_1_482' title='bbox 1407 2159 1521 2188; x_wconf 77' lang='lat' dir='ltr'>cladem</span> <span class='ocrx_word' id='word_1_483' title='bbox 1541 2159 1660 2188; x_wconf 75' lang='lat' dir='ltr'>Canen-</span> 
     </span>
     <span class='ocr_line' id='line_1_72' title="bbox 983 2204 1659 2244; baseline -0.001 -10"><span class='ocrx_word' id='word_1_484' title='bbox 983 2215 1045 2234; x_wconf 78' lang='lat' dir='ltr'>scm</span> <span class='ocrx_word' id='word_1_485' title='bbox 1071 2209 1098 2234; x_wconf 83' lang='lat' dir='ltr'>et</span> <span class='ocrx_word' id='word_1_486' title='bbox 1114 2204 1335 2244; x_wconf 41' lang='lat' dir='ltr'>jbequemiam</span> <span class='ocrx_word' id='word_1_487' title='bbox 1363 2205 1534 2244; x_wconf 66' lang='lat' dir='ltr'>luqemium</span> <span class='ocrx_word' id='word_1_488' title='bbox 1562 2204 1659 2234; x_wconf 72' lang='lat' dir='ltr'>iusti-</span> 
     </span>
     <span class='ocr_line' id='line_1_73' title="bbox 983 2249 1660 2287; baseline -0.001 -8"><span class='ocrx_word' id='word_1_489' title='bbox 983 2255 1085 2280; x_wconf 75' lang='lat' dir='ltr'>tutum</span> <span class='ocrx_word' id='word_1_490' title='bbox 1109 2254 1162 2287; x_wconf 78' lang='lat' dir='ltr'>est,</span> <span class='ocrx_word' id='word_1_491' title='bbox 1191 2260 1230 2280; x_wconf 76' lang='lat' dir='ltr'>ue</span> <span class='ocrx_word' id='word_1_492' title='bbox 1247 2251 1383 2287; x_wconf 66' lang='lat' dir='ltr'>amplius</span> <span class='ocrx_word' id='word_1_493' title='bbox 1406 2255 1527 2280; x_wconf 71' lang='lat' dir='ltr'>eentum</span> <span class='ocrx_word' id='word_1_494' title='bbox 1552 2249 1660 2279; x_wconf 78' lang='lat' dir='ltr'>diebus</span> 
     </span>
     <span class='ocr_line' id='line_1_74' title="bbox 982 2292 1661 2335; baseline -0.003 -10"><span class='ocrx_word' id='word_1_495' title='bbox 982 2297 1153 2335; x_wconf 72' lang='lat' dir='ltr'>luqeretur.</span> <span class='ocrx_word' id='word_1_496' title='bbox 1191 2294 1289 2325; x_wconf 85' lang='lat' dir='ltr'>Sous&#39;t</span> <span class='ocrx_word' id='word_1_497' title='bbox 1309 2294 1445 2325; x_wconf 83' lang='lat' dir='ltr'>dauerte</span> <span class='ocrx_word' id='word_1_498' title='bbox 1464 2293 1515 2324; x_wconf 86' lang='lat' dir='ltr'>die</span> <span class='ocrx_word' id='word_1_499' title='bbox 1532 2292 1661 2324; x_wconf 83' lang='lat' dir='ltr'>Trauer</span> 
     </span>
     <span class='ocr_line' id='line_1_75' title="bbox 982 2338 1659 2378; baseline -0.003 -7"><span class='ocrx_word' id='word_1_500' title='bbox 982 2350 1034 2371; x_wconf 90' lang='grc'>11111</span> <span class='ocrx_word' id='word_1_501' title='bbox 1045 2339 1162 2371; x_wconf 85' lang='lat' dir='ltr'>Eltern</span> <span class='ocrx_word' id='word_1_502' title='bbox 1177 2351 1209 2371; x_wconf 92' lang='lat' dir='ltr'>u.</span> <span class='ocrx_word' id='word_1_503' title='bbox 1220 2338 1345 2370; x_wconf 76' lang='lat' dir='ltr'>Rinder</span> <span class='ocrx_word' id='word_1_504' title='bbox 1358 2341 1369 2371; x_wconf 87' lang='grc'>1</span> <span class='ocrx_word' id='word_1_505' title='bbox 1380 2342 1398 2372; x_wconf 83' lang='lat' dir='ltr'>t)</span> <span class='ocrx_word' id='word_1_506' title='bbox 1412 2338 1495 2370; x_wconf 86' lang='lat' dir='ltr'>Mon.</span> <span class='ocrx_word' id='word_1_507' title='bbox 1507 2349 1531 2369; x_wconf 88' lang='lat' dir='ltr'>s.</span> <span class='ocrx_word' id='word_1_508' title='bbox 1544 2339 1573 2378; x_wconf 87' lang='grc'>2,</span> <span class='ocrx_word' id='word_1_509' title='bbox 1587 2340 1616 2376; x_wconf 85' lang='grc'>7,</span> <span class='ocrx_word' id='word_1_510' title='bbox 1627 2340 1659 2371; x_wconf 88' lang='lat'>4.</span> 
     </span>
    </p>

    <p class='ocr_par' dir='ltr' id='par_1_8' title="bbox 983 2383 1661 2470">
     <span class='ocr_line' id='line_1_76' title="bbox 1028 2383 1661 2424; baseline -0.008 -6"><span class='ocrx_word' id='word_1_511' title='bbox 1028 2387 1128 2418; x_wconf 78' lang='grc'>6--7,</span> <span class='ocrx_word' id='word_1_512' title='bbox 1153 2388 1234 2416; x_wconf 73' lang='lat' dir='ltr'>aliae</span> <span class='ocrx_word' id='word_1_513' title='bbox 1258 2387 1376 2424; x_wconf 55' lang='lat' dir='ltr'>insup„</span> <span class='ocrx_word' id='word_1_514' title='bbox 1405 2394 1444 2414; x_wconf 90' lang='lat' dir='ltr'>zu</span> <span class='ocrx_word' id='word_1_515' title='bbox 1465 2384 1525 2414; x_wconf 88' lang='lat' dir='ltr'>deu</span> <span class='ocrx_word' id='word_1_516' title='bbox 1546 2383 1661 2414; x_wconf 80' lang='lat' dir='ltr'>friiher</span> 
     </span>
     <span class='ocr_line' id='line_1_77' title="bbox 983 2427 1659 2470; baseline -0.001 -10"><span class='ocrx_word' id='word_1_517' title='bbox 983 2430 1204 2470; x_wconf 77' lang='lat' dir='ltr'>angelangten</span> <span class='ocrx_word' id='word_1_518' title='bbox 1269 2427 1659 2470; x_wconf 83' lang='lat' dir='ltr'>Ungliicksbotschaften,</span> 
     </span>
    </p>
   </div>
   <div class='ocr_carea' id='block_1_8' title="bbox 984 2474 1658 2606">
    <p class='ocr_par' dir='ltr' id='par_1_9' title="bbox 984 2474 1658 2606">
     <span class='ocr_line' id='line_1_78' title="bbox 984 2474 1658 2516; baseline -0.001 -10"><span class='ocrx_word' id='word_1_519' title='bbox 984 2476 1072 2507; x_wconf 83' lang='lat' dir='ltr'>diese</span> <span class='ocrx_word' id='word_1_520' title='bbox 1101 2475 1289 2516; x_wconf 82' lang='lat' dir='ltr'>steigernd,</span> <span class='ocrx_word' id='word_1_521' title='bbox 1315 2474 1381 2514; x_wconf 82' lang='lat' dir='ltr'>vgl.</span> <span class='ocrx_word' id='word_1_522' title='bbox 1407 2484 1432 2506; x_wconf 71' lang='lat' dir='ltr'>c.</span> <span class='ocrx_word' id='word_1_523' title='bbox 1459 2476 1521 2513; x_wconf 81' lang='lat'>61,</span> <span class='ocrx_word' id='word_1_524' title='bbox 1549 2475 1589 2514; x_wconf 82' lang='lat'>33</span> <span class='ocrx_word' id='word_1_525' title='bbox 1628 2476 1658 2515; x_wconf 83' lang='lat'>3,</span> 
     </span>
     <span class='ocr_line' id='line_1_79' title="bbox 991 2519 1658 2557; baseline -0.004 -4"><span class='ocrx_word' id='word_1_526' title='bbox 991 2523 1029 2554; x_wconf 87' lang='grc'>12</span> <span class='ocrx_word' id='word_1_527' title='bbox 1053 2532 1083 2552; x_wconf 89' lang='grc'>11.</span> <span class='ocrx_word' id='word_1_528' title='bbox 1102 2531 1131 2552; x_wconf 87' lang='lat' dir='ltr'>a.</span> <span class='ocrx_word' id='word_1_529' title='bbox 1145 2538 1188 2543; x_wconf 80' lang='lat'>—-</span> <span class='ocrx_word' id='word_1_530' title='bbox 1201 2523 1287 2552; x_wconf 76' lang='lat' dir='ltr'>vellet</span> <span class='ocrx_word' id='word_1_531' title='bbox 1300 2523 1374 2557; x_wconf 65' lang='lat' dir='ltr'>etc,</span> <span class='ocrx_word' id='word_1_532' title='bbox 1401 2519 1452 2551; x_wconf 86' lang='lat' dir='ltr'>die</span> <span class='ocrx_word' id='word_1_533' title='bbox 1467 2519 1537 2551; x_wconf 86' lang='lat' dir='ltr'>Hss.</span> <span class='ocrx_word' id='word_1_534' title='bbox 1554 2519 1658 2551; x_wconf 84' lang='lat' dir='ltr'>haben</span> 
     </span>
     <span class='ocr_line' id='line_1_80' title="bbox 984 2567 1522 2606; baseline -0.004 -8"><span class='ocrx_word' id='word_1_535' title='bbox 984 2569 1094 2598; x_wconf 75' lang='lat' dir='ltr'>vellem</span> <span class='ocrx_word' id='word_1_536' title='bbox 1127 2569 1308 2598; x_wconf 73' lang='lat' dir='ltr'>nuntiatum</span> <span class='ocrx_word' id='word_1_537' title='bbox 1356 2567 1406 2596; x_wconf 62' lang='lat' dir='ltr'>lus</span> <span class='ocrx_word' id='word_1_538' title='bbox 1442 2576 1522 2606; x_wconf 75' lang='lat' dir='ltr'>esse,</span> 
     </span>
    </p>
   </div>
   <div class='ocr_carea' id='block_1_9' title="bbox 1564 2575 1659 2595">
    <p class='ocr_par' dir='ltr' id='par_1_10' title="bbox 1564 2575 1659 2595">
     <span class='ocr_line' id='line_1_81' title="bbox 1564 2575 1659 2595; baseline 0 0"><span class='ocrx_word' id='word_1_539' title='bbox 1564 2575 1659 2595; x_wconf 84' lang='lat' dir='ltr'>wozu</span> 
     </span>
    </p>
   </div>
   <div class='ocr_carea' id='block_1_10' title="bbox 362 2819 1763 2983">
    <p class='ocr_par' dir='ltr' id='par_1_11' title="bbox 362 2819 1763 2983">
     <span class='ocr_line' id='line_1_82' title="bbox 362 2819 1763 2983; baseline 0 0"><span class='ocrx_word' id='word_1_540' title='bbox 362 2819 1763 2983; x_wconf 95' lang='lat' dir='ltr'> </span> 
     </span>
    </p>
   </div>
  </div>
 </body>
</html>
