1763 2983
38 202 63 223 ι.
85 194 135 221 ch.
156 193 217 221 325.
524 192 649 225 LIBER
666 192 749 226 vm.
792 193 884 227 CAP.
911 194 964 227 33.
1374 193 1455 232 255

40 296 179 335 deduci
201 294 363 343 iussisti,
394 296 499 335 unde
529 301 568 334 et
595 296 732 347 privati
761 309 896 335 vocem
921 296 1078 335 mittere
1108 299 1358 348 possemus.“
1404 295 1457 334 ibi

38 353 166 405 primo
187 365 268 392 non
288 358 367 392 tam
385 358 595 405 perpetuae
619 353 817 392 orationes
836 366 951 404 quam
974 354 1171 393 altercatio
1194 353 1455 393 exaudieban-

38 415 115 449 tur.
148 409 266 449 vincit
286 410 426 449 deinde
449 410 658 462 strepitum
680 423 753 449 vox
775 415 813 448 et
835 410 1049 460 indignatio
1071 411 1164 450 Fabi
1186 411 1302 457 senis,
1326 411 1456 448 incre-

39 467 164 519 pantis
186 467 407 518 superbiam
431 467 780 518 crudelitatemque
802 467 951 518 Papiri:
981 480 1021 505 se
1045 480 1199 519 quoque
1223 468 1453 507 dictatorem

39 525 187 563 Romae
208 523 344 571 fuisse,
368 536 442 563 nec
463 538 483 563 a
504 537 545 564 se
567 536 819 576 quemquam,
843 535 893 562 ne
915 523 1039 575 plebis
1063 525 1221 575 quidem
1245 524 1458 569 hominem,

38 592 120 620 non
140 581 428 628 centurionem,
451 593 533 620 non
556 582 719 620 militem
736 581 943 628 violatum,
966 580 1165 631 Papirium
1187 588 1386 633 tamquam
1411 593 1457 619 ex

39 638 211 677 hostium
233 638 409 685 ducibus,
432 638 487 677 sic
507 652 554 677 ex
576 639 752 677 Romano
774 638 1008 690 imperatore
1033 637 1233 676 victoriam
1256 645 1294 677 et
1315 639 1458 677 trium-

38 695 159 747 phum
177 700 322 747 petere.
357 700 549 747 quantum
568 696 755 734 interesse
766 696 867 733 inter
884 689 1194 733 moderationem
1206 695 1456 746 antiquorum

41 757 80 791 et
114 764 254 792 novam
289 753 510 804 superbiam
548 751 917 804 crudelitatemque!
964 751 1192 790 dictatorem
1231 752 1457 798 Quinctium

41 809 311 849 Cincinnatum
333 810 374 848 in
395 809 435 848 L.
458 809 673 849 Minucium
694 809 898 848 consulem
918 822 964 848 ex
981 808 1267 848 obsidionease
1278 813 1457 859 ereptum

42 878 123 906 non
144 867 244 906 ultra
265 867 445 914 saevisse,
469 871 651 919 quam‚ut
671 867 841 918 legatum
864 879 953 905 eum
972 866 1018 904 ad
1036 866 1251 905 exercitum
1272 877 1343 917 pro
1366 876 1461 903 con-

44 923 127 963 sule
148 924 404 976 relinqueret.
435 924 523 964 ΜΡ
527 925 657 964 urium
668 924 873 963 Camillum
895 924 933 962 in
955 923 1138 970 L.Fu1·i0‚
1162 924 1230 975 qui
1252 927 1458 973 contemp-

39 986 79 1020 ta
102 993 172 1020 sua
191 986 395 1021 senectute
411 986 450 1020 et
474 982 705 1022 auctoritate
723 981 952 1020 foedissimo
965 993 1053 1019 cum
1072 986 1213 1019 eventu
1229 984 1458 1031 pugnasset,

43 1049 123 1077 non
142 1038 271 1077 solum
287 1038 327 1077 in
343 1039 564 1090 praesentia
585 1039 831 1078 moderatum
850 1038 929 1077 irae
949 1050 1048 1083 esse,
1070 1048 1120 1075 ne
1138 1037 1230 1089 quid
1254 1037 1300 1075 de
1318 1037 1461 1087 collega

43 1107 154 1135 secus
175 1095 320 1147 populo
342 1101 408 1135 aut
430 1096 581 1135 senatui
605 1096 807 1141 scriberet,
829 1096 911 1141 sed,
933 1108 1023 1134 cum
1045 1095 1280 1140 revertisset,
1302 1093 1462 1146 potissi-

44 1164 154 1191 mum
176 1165 223 1191 ex
239 1152 407 1192 tribunis
424 1152 694 1193 consularibus
710 1152 909 1198 habuisse,
922 1164 1052 1204 quem,
1065 1165 1111 1190 ex
1124 1151 1282 1202 collegis
1301 1151 1461 1202 optione

48 1209 94 1248 ab
115 1216 252 1249 senatu
282 1209 382 1257 data,
413 1211 561 1249 socium
592 1210 665 1248 sihi
694 1210 845 1261 imperii
869 1210 1066 1260 deligeret.
1105 1221 1196 1247 nam
1218 1208 1350 1260 populi
1374 1208 1462 1259 qui—

45 1266 146 1313 dem,
169 1278 289 1318 penes
307 1279 423 1319 quem
433 1272 606 1319 potestas
625 1267 804 1306 omnium
827 1279 960 1306 rerum
984 1272 1098 1312 esset,
1122 1278 1171 1304 ne
1191 1266 1288 1305 iram
1300 1265 1461 1317 quidem

42 1335 233 1375 umquam
255 1324 485 1364 atrociorem
506 1324 628 1364 fuisse
654 1324 695 1363 in
716 1337 795 1370 θος,
829 1324 896 1376 qui
925 1323 1144 1364 temeritate
1174 1327 1290 1373 atque
1312 1321 1463 1361 inscitia

45 1487 154 1528 gleich
173 1486 368 1519 erwiihnten
387 1491 511 1519 rostra.
530 1505 573 1509 —
597 1485 719 1518 deduci

45 1532 85 1564 de
100 1543 140 1573 r.,
164 1533 215 1564 als
234 1532 415 1573 Magistrat
438 1533 530 1564 hiitte
552 1533 612 1564 der
630 1542 715 1572 mag.

46 1588 94 1621 eq.
122 1589 185 1610 von
219 1579 281 1610 den
310 1582 423 1610 rostra
453 1579 614 1620 sprechen
638 1578 716 1609 diii·-

46 1623 112 1665 fen,
129 1624 210 1656 aber
228 1624 318 1656 nicht
335 1625 408 1656 dem
421 1624 578 1655 Dictator
594 1633 717 1664 gegeu-

46 1669 127 1701 iiber
142 1670 208 1701 und
223 1670 274 1701 als
290 1669 482 1711 Beklagter,
500 1680 525 1701 s.
541 1669 593 1707 38,
611 1671 665 1709 53,
684 1670 716 1701 1:

44 1716 106 1747 sub
119 1715 261 1760 pedibus
275 1717 396 1748 vestns
419 1716 535 1755 stabit3
568 1714 661 1746 Caes.
680 1714 713 1745 B.

46 1760 80 1793 C.
100 1761 133 1803 3,
151 1761 206 1802 21,
224 1761 255 1793 3.

94 1852 234 1884 10—14.
250 1853 328 1884 hene
336 1862 405 1895 agn,
416 1852 622 1884 ironisch.—
630 1862 717 1891 cum,

46 1897 193 1930 dadurch
209 1898 298 1939 dass,
316 1897 384 1930 Cic.
398 1898 470 1930 Fin.
488 1898 520 1938 3,
538 1897 569 1937 2,
587 1898 625 1938 93
645 1896 717 1929 Mil.

47 1943 98 1985 36,
117 1943 159 1975 99
176 1955 208 1975 u.
225 1954 272 1982 a.‚
290 1944 540 1985 gewo'hnlicher
557 1943 603 1975 ist
620 1942 714 1985 quod.

102 1990 243 2033 privati,
262 2000 289 2022 s.
308 1990 350 2021 45
363 2015 372 2030 ,
389 1989 449 2029 36,
471 1991 504 2030 l,
528 1989 578 2021 sie
596 1988 714 2021 diii-fen

49 2045 111 2067 nur
127 2034 167 2067 de
178 2035 288 2079 plano,
306 2034 370 2077 §92
387 2034 493 2067 Iocum
500 2035 714 2078 inferiorem,

47 2081 167 2121 reden3
184 2086 279 2114 sonst
293 2081 488 2123 blossdann,
507 2091 602 2112 wenn
619 2081 717 2112 ihnen

47 2136 113 2157 von
131 2126 202 2158 dem
216 2126 417 2169 Magistrate
435 2128 492 2159 das
501 2126 605 2158 VVort
619 2136 720 2168 gege-

48 2170 111 2203 ben
127 2172 232 2215 wird,
260 2183 286 2205 s.
305 2173 337 2214 3,
357 2173 409 2215 71,
427 2173 464 2212 33
489 2173 563 2205 hier
587 2173 720 2204 scheint

47 2215 182 2250 Fabius.
196 2219 246 2250 als
264 2218 534 2251 Provoeirender
558 2228 594 2250 es
612 2218 720 2250 sclbst

48 2272 90 2294 zu
106 2264 259 2304 nehmen3
284 2264 412 2296 Becker
429 2264 467 2305 2,
487 2265 526 2306 2,
545 2266 604 2304 513
636 2263 720 2295 noch

49 2309 200 2342 sehiirfer
215 2310 309 2342 w'zire
327 2310 380 2342 die
398 2310 518 2351 lronie,
536 2320 631 2342 wenn
647 2311 720 2353 prl-

47 2356 129 2396 vatz',
146 2355 210 2387 wie
229 2357 283 2397 26,
301 2356 331 2396 3,
352 2357 387 2397 S,
407 2356 461 2396 35,
476 2357 530 2397 41,
545 2357 582 2394 93
602 2355 719 2397 43,16,

52 2400 69 2431 5
87 2413 130 2427 =
147 2402 198 2433 rei
212 2411 404 2443 genommen
422 2402 557 2434 werden
580 2401 719 2433 ko'nnte:

49 2454 102 2476 wo
119 2446 226 2479 selbst
243 2447 466 2489 Angeklagte.
486 2467 527 2470 —
548 2447 671 2487 altere,
689 2447 720 2487 4,

45 2492 82 2531 6,
103 2492 181 2524 1.-
200 2494 306 2535 vincit,
323 2503 361 2525 er
378 2493 496 2525 schafft
509 2493 581 2526 sich
596 2492 717 2525 Gehiir.

51 2554 93 2560 —
115 2547 180 2570 vox·
197 2541 230 2570 et
245 2540 307 2580 in„
337 2539 577 2583 Hendiadyoin.
607 2559 650 2562 —
678 2550 719 2570 ne

49 2582 274 2626 pleb.q.lzom.,
292 2585 503 2625 gesehweige
521 2586 606 2616 deun
625 2585 720 2616 einen

52 2627 229 2671 Patricier,
248 2631 316 2671 vgl.
330 2631 360 2671 7,
376 2631 546 2672 32‚16.—
563 2640 629 2662 non
639 2632 722 2662 cent.

790 1496 855 1518 non
873 1484 958 1523 md„
983 1486 1175 1527 steigernd,
1209 1496 1272 1517 nur
1288 1496 1328 1516 zu
1347 1485 1461 1517 diesen

790 1532 909 1563 beiden
935 1531 1018 1572 solgt
1043 1532 1103 1562 der
1129 1530 1317 1572 Gegensatz
1341 1531 1390 1562 in:
1420 1542 1465 1562 ω’

791 1577 887 1609 Rom.
906 1579 1061 1621 smpcrat.
1080 1596 1120 1599 —
1141 1580 1244 1618 tamq„
1261 1595 1304 1599 —
1330 1578 1390 1615 sic,
1414 1579 1464 1616 10,

792 1624 823 1663 8,
846 1624 880 1662 13
901 1624 931 1663 5,
950 1626 980 1663 3,
999 1625 1030 1654 6.
1045 1641 1087 1645 ——
1105 1624 1319 1665 ear—petere,
1338 1622 1389 1659 28,
1414 1623 1464 1663 19,

795 1669 844 1699 11.
878 1688 918 1690 —
949 1668 1194 1711 c'111pe1·.,c.30,
1215 1670 1243 1701 1.
1275 1687 1317 1690 -—
1348 1667 1463 1699 dietat.

795 1714 945 1755 Quinct„
992 1713 1145 1755 obgleich
1184 1714 1267 1745 auch
1300 1713 1464 1752 Dictator,

791 1760 895 1791 durch
913 1759 1114 1791 chiastische
1133 1759 1288 1800 Stellung
1305 1759 1465 1799 gehoben.

792 1824 834 1828 -
864 1804 1000 1846 Minue„
1019 1806 1048 1845 3,
1069 1805 1122 1836 29.
1151 1823 1196 1828 —-
1222 1815 1285 1849 pro
1303 1814 1411 1845 cona,
1436 1815 1464 1836 c.

792 1851 846 1892 23,
866 1853 913 1885 12.
928 1871 970 1874 —
983 1850 1076 1883 ultra
1088 1861 1186 1892 qnam
1202 1851 1246 1882 ist
1260 1850 1324 1882 wie
1339 1853 1464 1891 contra,

791 1907 895 1940 supra
910 1908 1011 1940 quam
1040 1896 1092 1928 bei
1109 1896 1146 1928 L.
1172 1897 1264 1928 nicht
1286 1896 1411 1936 selten,
1438 1906 1464 1927 s,

793 1943 846 1985 21,
864 1943 918 1983 25,
940 1944 974 1983 13
994 1942 1046 1983 26,
1066 1943 1119 1982 30,
1138 1943 1168 1974 7.

843 1990 997 2022 15—17.
1028 1991 1060 2020 ιἠ,
1078 1988 1197 2030 Furio,
1227 1999 1254 2020 c.
1280 1988 1340 2027 31,
1365 1988 1396 2019 7.
1424 2006 1465 2010 ——

792 2045 866 2076 sua,
888 2033 947 2066 auf
961 2034 1019 2067 das
1038 2034 1190 2075 logische
1209 2033 1348 2075 Subject
1368 2033 1467 2064 bezo-

793 2091 867 2121 gen,
898 2081 927 2122 9,
952 2081 983 2120 7,
1007 2080 1046 2119 63
1073 2083 1104 2122 4,
1130 2080 1184 2121 33,
1208 2081 1237 2111 5.
1282 2079 1390 2111 [leber
1415 2079 1467 2110 die

793 2126 897 2157 Saehe
915 2128 945 2164 6,
964 2127 1018 2158 25.
1044 2145 1085 2149 ——
1111 2127 1146 2157 in
1161 2136 1286 2169 praes„
1317 2136 1344 2157 c.
1363 2126 1395 2167 7,
1414 2125 1467 2156 22.

794 2191 835 2195 a
853 2175 911 2204 aut
928 2183 1016 2213 sen„
1046 2172 1128 2204 oder
1144 2172 1326 2212 vielme‘hr,
1361 2172 1401 2202 ‹la
1427 2180 1467 2201 an

794 2218 851 2249 das
870 2218 961 2250 Volk
979 2218 1072 2249 nieht
1089 2217 1256 2249 berichtet
1274 2217 1401 2249 wurde.
1425 2235 1468 2238 υ

791 2265 1016 2307 ροίίεεὴηηφη,
1040 2265 1067 2305 1,
1081 2263 1136 2305 34,
1153 2265 1236 2296 6.—-
1252 2274 1297 2295 em
1311 2262 1394 2303 coll.,
1412 2272 1469 2303 gc·—

793 2310 870 2341 ho'rt
888 2320 928 2341 zu
946 2311 1075 2353 optione
1091 2320 1120 2340 u.
1142 2309 1206 2341 soll
1223 2308 1468 2347 hervorheben,

794 2356 871 2387 dass
890 2365 926 2387 er
939 2356 1040 2397 jeden
1059 2356 1203 2388 anderen
1226 2355 1320 2386 hiitte
1337 2354 1468 2385 w'ahlen

794 2402 945 2443 konnen,
970 2406 1064 2433 sonet
1087 2402 1202 2432 wiirde
1227 2411 1300 2432 man
1328 2410 1362 2431 es
1387 2399 1467 2431 nach

794 2458 840 2479 ω’
857 2448 934 2479 trib.
955 2447 1047 2479 nicht
1066 2447 1266 2479 verinissen.
1285 2465 1327 2468 ——
1344 2456 1467 2476 nam—-

794 2493 940 2534 quide-711,
979 2503 1044 2525 von
1075 2494 1147 2524 deni
1177 2492 1284 2525 Volke
1314 2491 1387 2523 will
1418 2490 1468 2521 ich

795 2539 886 2571 nicht
907 2539 1025 2578 reden,
1055 2540 1140 2570 denn
1164 2549 1229 2570 von
1248 2537 1372 2569 diesem
1397 2539 1469 2567 erst

795 2584 949 2617 versteht
966 2594 1002 2616 es
1019 2584 1091 2616 sich
1109 2594 1173 2616 von
1198 2583 1320 2621 selbst,
1351 2593 1376 2613 s.
1396 2581 1417 2623 ξ
1436 2582 1468 2622 8,

797 2630 861 2671 vgl.
882 2630 936 2670 22,
954 2629 1009 2670 61,
1031 2628 1100 2663 14f.
1126 2647 1168 2652 —-
1198 2630 1345 2669 inscitia,
1363 2628 1395 2669 7,
1412 2627 1465 2667 34,

1486 421 1521 452 11

1487 478 1524 509 12

1488 586 1528 618 13

1488 744 1526 789 1'4

1493 928 1530 960 15

1495 1098 1533 1129 16
