1763 2983
108 197 132 215 a.
151 187 202 215 ch.
222 187 282 219 314.
574 184 698 217 LIBER
722 184 781 217 IX.
821 184 913 217 CAP.
939 184 991 217 26.
1017 184 1071 216 27.
1443 182 1524 222 327

108 290 368 343 multiplicatis
395 288 561 329 summis
583 286 802 326 honoribus
832 292 919 339 post
938 299 1001 326 res
1022 292 1082 326 tot
1105 286 1213 325 domi
1241 286 1424 337 belloque
1453 298 1519 336 ge-

109 353 207 394 stas,
237 352 411 386 ceterum
433 345 581 385 invisus
601 343 813 390 nobilitati,
844 356 999 384 causam
1031 344 1126 383 dixit
1149 343 1430 394 absolutusque
1453 349 1522 381 est.

108 416 181 443 nec
202 404 359 449 diutius,
382 407 426 442 ut
446 403 500 448 fit,
523 414 640 453 quam
662 400 754 439 dum
777 412 914 439 recens
937 406 1028 445 erat,
1053 399 1226 451 quaestio
1245 412 1315 451 per
1333 401 1433 438 clara
1450 411 1524 438 no-

108 461 212 500 mina
240 472 399 499 reorum
427 459 565 510 viguit,
601 457 692 496 inde
721 457 795 496 labi
823 457 951 507 coepit
980 458 1027 496 ad
1058 457 1189 495 viliora
1220 457 1361 508 capita,
1399 457 1524 495 donec

109 516 343 558 coitionibus
364 515 690 566 factionibusque,
708 514 892 553 adversus
910 525 1005 564 quas
1024 518 1232 564 conparata
1251 518 1343 559 erat,
1361 525 1523 565 oppres-

110 587 148 614 sa
171 579 242 613 est.

220 631 364 670 Earum
384 629 487 668 fama
507 639 659 674 rerum,
684 626 806 678 inagis
826 632 960 665 tamen
983 637 1071 677 spes
1093 624 1311 680 Campanae
1334 626 1521 665 defectio·
1547 633 1559 643 ’

109 687 182 735 nis,
204 687 245 726 in
267 699 383 738 quam
406 685 653 725 coniuratum
675 689 775 729 erat,
799 682 995 722 Samnites
1017 683 1056 721 in
1077 681 1257 733 Apuliam
1282 695 1411 721 versos
1436 695 1527 721 rur-

110 757 177 784 sus
198 744 245 783 ad
267 743 455 783 Caudium
483 740 696 786 revocavit,
728 745 770 779 ut
791 740 883 779 inde
905 753 950 778 ex
971 738 1213 790 propinquo,
1248 739 1280 778 si
1306 739 1371 790 qui
1392 744 1523 778 motus

109 801 352 841 occasionem
384 799 564 851 aperiret,
596 798 765 848 Capuam
787 796 973 836 Romanis
1003 795 1211 846 eriperent.
1268 809 1312 835 eo
1338 796 1519 834 consules

110 871 198 898 curn
220 857 342 896 valido
365 855 536 896 exercitu
558 860 762 894 venerunt.
797 859 834 892 et
855 853 981 905 primo
1003 852 1104 891 circa
1121 853 1252 899 saltus,
1276 864 1366 892 cum
1383 852 1524 891 utrim-

110 927 186 967 que
207 914 254 953 ad
274 915 429 953 hostem
449 912 583 964 iniqua
604 911 663 950 via
684 916 798 957 esset,
827 909 998 950 cunctati
1019 913 1132 955 sunt3
1163 909 1304 948 deinde
1328 909 1523 947 Samnites

110 983 179 1023 per
201 976 331 1022 aperta
351 970 435 1009 loca
455 969 563 1008 brevi
584 968 749 1007 circuitu
777 967 818 1006 in
840 967 922 1006 loca
944 966 1075 1017 plana,
1107 966 1325 1017 Campanos
1355 977 1525 1016 campos,

110 1039 249 1079 agmen
270 1026 493 1072 demittunt,
515 1025 645 1076 ibique
667 1025 838 1076 primum
861 1027 985 1062 castra
1007 1023 1049 1061 in
1070 1028 1325 1074 conspectum
1346 1021 1526 1061 hostibus

111 1085 216 1131 data,
250 1083 387 1123 deinde
416 1082 566 1122 levibus
594 1081 771 1133 proeliis,
801 1080 978 1132 equitum
1008 1079 1174 1130 saepius¹
1193 1092 1310 1131 quam
1337 1079 1524 1130 peditum,

110 1141 308 1192 utrimque
327 1139 543 1192 periculum
565 1141 732 1184 factum,
759 1150 833 1176 nec
861 1142 928 1176 aut
955 1140 1116 1175 eventus
1145 1148 1282 1175 eorum
1305 1136 1526 1175 Romanum

113 1203 179 1237 aut
199 1209 344 1243 morae,
367 1209 443 1248 qua
466 1195 668 1235 trahebant
688 1195 845 1241 bellum,
869 1193 1102 1245 paenitebat.
1135 1192 1371 1232 Samnitium
1393 1197 1526 1231 contra

112 1253 274 1293 ducibus
297 1259 335 1292 et
355 1252 459 1304 carpi
481 1252 608 1304 parvis
627 1251 767 1291 cotidie
785 1250 938 1290 damnis
957 1255 996 1288 et
1012 1261 1217 1288 senescere
1238 1249 1422 1288 dilatione
1440 1248 1528 1287 belli

114 1310 213 1349 vires
236 1322 327 1349 suae
348 1309 588 1348 videbantur.
631 1309 761 1359 itaque
790 1308 831 1346 in
860 1306 979 1346 aciem
1011 1306 1230 1358 procedunt
1257 1305 1455 1358 equitibus
1485 1305 1526 1344 in

113 1378 258 1407 cornua
279 1366 421 1414 divisis,
444 1366 584 1418 quibus
605 1369 859 1417 praeceptum
876 1369 969 1411 erat,
992 1363 1224 1402 intentiores
1242 1363 1286 1402 ad
1304 1366 1527 1414 respectum

109 1551 231 1583 sitores
281 1549 442 1591 gl‘ziuzeud
490 1547 775 1590 freigesprochen‚

852 1556 916 1578 von
941 1545 1150 1588 Campanien.
1176 1565 1218 1569 —
1242 1548 1275 1577 se?
1291 1548 1350 1588 (μα’
1371 1558 1414 1578 m.
1453 1551 1529 1589 etc„

106 1595 186 1627 Rein
204 1594 464 1627 Criminalrecht
490 1593 522 1626 S.
550 1594 625 1625 727.
645 1611 688 1616 —-
706 1594 775 1624 Pa-

850 1601 946 1623 wenn
969 1592 1002 1623 iu
1028 1591 1131 1633 Folge
1163 1592 1224 1623 der
1250 1591 1524 1633 Vei-schworung

106 1641 184 1682 blcl„
203 1652 231 1673 c.
253 1641 303 1672 13.
320 1659 362 1663 —-
376 1639 528 1681 belloque,
551 1641 578 1680 1,
593 1639 647 1679 34,
666 1638 716 1670 12.
733 1657 774 1660 ——

106 1689 266 1726 ceterum,
296 1685 481 1726 abgesehen
509 1685 628 1717 daven.
653 1702 696 1706 -
724 1684 775 1714 ἰη-

109 1733 209 1771 visus,
232 1731 298 1771 vgl.
319 1731 349 1770 8,
378 1731 436 1770 123
459 1731 514 1770 153
533 1730 595 1768 263
619 1728 775 1760 nobilitas

110 1777 176 1809 wie
195 1776 215 1818 ξ
237 1777 287 1808 11.
305 1793 350 1799 -
366 1777 512 1815 nomina,
542 1775 576 1807 in
594 1775 680 1806 Bezu
722 1773 780 1805 auf

112 1832 231 1855 nomen
263 1823 424 1863 accipere,
456 1820 602 1862 deferre,
627 1830 653 1852 s.
727 1821 776 1852 10.

110 1886 153 1891 ——-
171 1867 239 1899 labi
254 1881 296 1894 =
319 1866 437 1906 delabi,
462 1877 488 1898 s.
508 1866 562 1906 21,
586 1865 634 1905 16,
660 1867 697 1903 63
725 1864 778 1905 22,

114 1913 145 1954 3,
176 1913 211 1946 11
232 1923 263 1943 u.
281 1923 310 1944 a.
334 1912 551 1954 factionibus,
577 1910 778 1952 Complotte,

114 1959 143 2001 7,
163 1958 216 1999 32,
238 1957 288 1991 12.

159 2043 226 2082 27.
258 2045 397 2091 fflimpfe
430 2047 490 2080 mit
518 2049 580 2080 den
610 2046 778 2079 Samnitcn

113 2095 147 2127 in
166 2093 376 2137 Campanien.
426 2093 520 2125 Diod.
543 2094 594 2135 19,
613 2093 666 2125 76.

163 2141 258 2173 1—4.
292 2139 611 2180 Earum—reram,
638 2138 692 2170 (116
719 2137 783 2170 Un-

115 2186 219 2218 ruhen
238 2185 272 2217 in
292 2184 372 2217 Rom
390 2184 456 2216 und
475 2184 535 2216 den
554 2184 783 2217 verbiindeten

113 2231 260 2263 Staaten.
277 2248 319 2252 —-
334 2231 367 2261 ιἠ.
386 2239 484 2271 quam
502 2241 534 2262 n.
551 2229 786 2272 defectionem.

113 2295 155 2299 —
173 2277 390 2308 comm—atzmu
418 2285 466 2307 er.
494 2286 524 2307 n.
550 2286 571 2306 ιι
590 2275 782 2317 Campanis,

113 2322 172 2353 der
195 2321 439 2353 Samnitischen
457 2320 571 2352 Partei
600 2320 632 2352 in
658 2320 779 2361 Capua,

112 2377 138 2399 s.
157 2378 184 2398 c.
206 2367 260 2408 25,
279 2366 316 2405 33
338 2366 390 2408 26,
410 2367 446 2404 53
473 2366 524 2397 (116
543 2365 706 2405 Hoss'uung
724 2364 781 2397 auf

112 2412 173 2444 den
191 2411 294 2444 durch
317 2411 407 2444 diese
428 2412 697 2451 Versehwzjrung
724 2410 778 2441 be-

113 2457 296 2496 zweckten,
321 2457 560 2498 eingeleiteten
579 2455 692 2488 Abfall
713 2466 777 2488 von

113 2501 194 2534 Rom
210 2513 272 2543 zog
284 2501 337 2533 (116
356 2503 526 2534 Samniten
545 2512 603 2534 aus
622 2501 779 2544 Apulien,

115 2558 165 2579 wo
198 2548 250 2579 die
279 2546 400 2580 nomer
434 2548 504 2580 sich
538 2548 655 2580 immer
684 2546 776 2578 mehr

115 2592 319 2633 festsetzten,
333 2603 358 2624 s.
374 2604 401 2625 6.
418 2593 469 2634 26,
484 2594 515 2634 4,
531 2603 570 2624 an
586 2593 637 2625 die
649 2592 778 2624 Greuze

849 1637 1130 1678 einessewegung,
1147 1638 1201 1669 ein
1211 1636 1377 1669 Aufstaud
1392 1648 1421 1668 u.
1439 1648 1464 1669 s.
1476 1647 1518 1668 w.

849 1701 891 1706 —
915 1685 1084 1722 occasion„
1110 1684 1141 1722 4,
1167 1682 1222 1723 31,
1246 1683 1276 1714 2.
1296 1702 1337 1705 —
1356 1682 1522 1723 consules,

849 1739 874 1759 e.
898 1727 951 1769 26,
969 1728 1024 1759 20.
1044 1746 1085 1750 ——
1103 1729 1192 1760 circa
1217 1728 1250 1759 in
1271 1728 1330 1760 der
1348 1729 1440 1762 N'ahe
1461 1729 1521 1760 der

850 1773 963 1814 Piisse,
997 1785 1023 1805 c.
1053 1773 1082 1804 2.
1113 1792 1155 1796 —
1187 1775 1332 1814 acrinus,
1366 1784 1431 1805 von
1462 1774 1521 1805 der

852 1818 944 1850 Seite
967 1819 1027 1850 dei·
1044 1818 1162 1850 Rijmer
1180 1819 1264 1850 nach
1288 1819 1351 1850 den
1370 1819 1519 1851 Fcindeu

852 1864 916 1895 und
931 1864 1140 1904 umgekehrt.
1156 1882 1198 1886 ——
1212 1866 1360 1895 cunctati
1370 1875 1409 1905 s.,
1431 1864 1524 1895 beide

854 1909 1019 1942 Parteien.
1039 1929 1081 1931 —
1100 1912 1231 1952 aperta,
1257 1910 1301 1941 im
1321 1908 1529 1949 Gegeusatze

855 1965 896 1986 zu
922 1954 1032 1987 saltas
1057 1966 1087 1986 u.
1114 1956 1228 1996 iniqua
1257 1956 1320 1995 υία,
1347 1956 1429 1987 011116
1449 1954 1531 1986 Η111-

855 2001 988 2033 derniss
1007 2001 1111 2033 durch
1126 2001 1184 2033 das
1198 2001 1343 2033 Terrain
1357 2012 1386 2032 u.
1405 2011 1447 2040 a.,
1466 2001 1531 2032 und

858 2048 941 2078 ohne
954 2045 1096 2088 Gefahr,
1127 2057 1154 2077 s.
1173 2057 1200 2077 6.
1220 2047 1274 2088 28,
1293 2047 1330 2085 53
1356 2047 1387 2086 2,
1415 2046 1450 2085 63
1477 2046 1530 2086 33,

859 2093 911 2132 37,
936 2094 954 2123 2
969 2103 975 2123 ε
990 2102 1055 2135 per
1070 2094 1185 2134 aperta
1209 2103 1309 2134 eoque
1337 2094 1410 2123 lecta
1441 2091 1529 2130 loca,

856 2137 969 2180 plana,
989 2138 1071 2169 ohne
1092 2136 1248 2178 Gebirge,
1267 2148 1292 2169 s.
1314 2137 1344 2179 4,
1363 2137 1417 2178 37,
1441 2137 1467 2169 1.
1488 2155 1531 2159 —-

859 2184 892 2214 in
911 2185 1074 2226 conspect.
1104 2182 1149 2224 cl„
1174 2183 1236 2214 wie
1266 2184 1300 2215 in
1320 2182 1372 2224 27,
1392 2183 1445 2224 27,
1476 2184 1530 2215 11:

860 2230 892 2260 ite
910 2239 1067 2271 praeceps
1081 2228 1173 2268 clare,
1194 2230 1261 2269 vgl.
1282 2229 1312 2268 3,
1330 2229 1383 2270 69,
1403 2228 1434 2259 9.

906 2319 1005 2351 5—9.
1023 2320 1181 2360 equilum,
1195 2329 1313 2360 wegcn
1328 2318 1387 2350 der
1400 2317 1532 2358 Ebene,

853 2376 912 2396 zur
930 2365 1036 2397 Sache
1056 2365 1122 2405 vgl.
1143 2366 1173 2405 3,
1204 2364 1258 2405 61,
1289 2364 1338 2397 12.
1357 2382 1400 2386 ——
1418 2364 1528 2396 trahe-

853 2411 944 2451 bant,
962 2411 1014 2442 die
1033 2408 1166 2451 Romer,
1185 2410 1371 2443 Romanum
1394 2409 1438 2441 ist
1458 2409 1528 2441 col-

853 2456 958 2488 lectiv
975 2466 1015 2487 zu
1034 2456 1182 2487 nehmen.
1201 2475 1243 2479 ——
1261 2456 1365 2497 carpi,
1392 2454 1425 2495 3,
1445 2455 1475 2493 5,
1498 2455 1526 2486 1.

852 2521 894 2524 ——
908 2511 1059 2545 praecep.
1080 2520 1122 2524 —
1139 2504 1292 2541 starent„
1311 2511 1336 2531 s.
1355 2511 1394 2530 zu
1421 2500 1450 2540 1,
1470 2500 1524 2539 51,

854 2547 884 2578 2.
904 2566 947 2569 —
976 2549 1088 2578 latent.
1115 2546 1160 2578 [ul
1182 2557 1268 2590 resp.
1295 2545 1357 2577 mit
1383 2546 1524 2585 grosse-

854 2603 910 2625 rer
927 2591 1241 2632 Aufulerksauikeit,
1268 2592 1449 2632 Spauuung
1466 2590 1523 2624 dus
