1763 2983
109 152 135 171 a.
155 140 206 167 ch.
224 139 285 165 215.

588 139 712 172 LIBER
738 139 864 174 XXIII.
903 140 993 173 CAP.
1023 142 1077 175 48.

1445 141 1528 183 385

111 251 232 285 castra
262 257 380 295 super
405 244 641 291 Suessulam,
670 244 802 295 ibique
831 243 993 282 hiberna
1023 243 1244 283 aedificavit.
1287 245 1336 283 M.
1369 244 1525 284 Claudio

109 301 336 353 proconsuli
363 300 587 352 imperavit,
629 306 672 339 ut
697 306 847 339 retento
871 301 989 339 Nolae
1020 301 1238 339 necessario
1268 301 1315 339 ad
1342 301 1526 340 tuendam

110 358 249 397 urbem
278 357 468 409 praesidio
491 362 640 395 ceteros
661 357 797 396 milites
820 357 1027 396 dimitteret
1048 357 1225 403 Romam,
1257 370 1305 396 ne
1330 358 1439 396 oneri
1460 371 1526 396 so-

110 414 178 454 ciis
208 420 246 453 et
275 414 448 465 sumptui
477 414 532 451 rei
562 413 736 463 publicae
764 419 903 452 essent.

963 419 1000 452 et
1029 413 1085 452 Ti.
1116 414 1313 453 Gracchus
1344 427 1365 453 a
1395 414 1526 453 Cumis
1547 423 1565 454 3

107 471 310 510 Luceriam
339 471 380 509 in
403 470 580 520 Apuliam
609 470 780 520 legiones
807 483 895 509 cum
927 470 1110 517 duxisset,
1138 471 1186 509 M.
1212 471 1405 510 Valerium
1435 471 1527 510 inde

108 532 327 579 praetorem
338 526 591 565 Brundisium
613 538 703 564 eum
726 539 784 573 eo,
806 539 922 577 quem
933 527 1116 565 Luceriae
1137 527 1334 574 habuerat,
1356 528 1526 566 exercitu

110 584 222 631 misit,
254 583 428 634 tuerique
455 595 563 622 oram
593 584 674 634 agri
695 584 890 622 Sallentini
920 589 956 622 et
986 583 1191 634 providere
1222 584 1327 635 quod
1357 584 1404 622 ad
1431 584 1525 623 Phi-

106 640 256 691 lippum
286 640 508 690 bellumque
534 640 827 678 Macedonicum
856 639 1045 679 adtineret
1072 641 1194 679 iussit.

219 697 333 736 Exitu
363 697 512 735 aestatis
536 696 630 742 eius,
662 708 737 746 qua
757 696 851 735 haec
872 702 975 747 gesta
997 697 1308 747 perscripsinms,
1337 697 1484 736 litterae
1505 710 1524 736 a
1544 707 1564 738 4

108 753 149 804 P.
179 758 215 792 et
235 753 303 792 Cn.
326 753 574 804 Scipionibus
605 759 808 799 venerunt,
838 758 1000 803 quantas
1033 765 1229 803 quamque
1255 766 1464 804 prosperas
1484 754 1524 793 in

109 810 291 861 Hispania
311 822 374 848 res
395 810 622 860 gessissent;
644 809 711 847 sed
733 810 937 859 pecuniam
958 810 997 847 in
1020 810 1254 859 stipendium
1277 811 1524 849 vestimenta-

109 878 184 917 que
224 872 261 905 et
290 868 533 905 frumentum
564 866 747 904 exercitui
778 871 814 904 et.
843 866 958 904 sociis
988 866 1186 905 navalibus
1218 867 1347 905 omnia
1378 867 1523 906 deesse.

109 923 213 973 quod
244 923 291 961 ad
321 922 557 973 stipendium
577 922 754 969 adtineat,
785 923 816 960 si
840 923 1031 961 aerarium
1059 923 1174 973 inops
1205 923 1263 969 sit,
1295 936 1335 962 se
1357 924 1523 974 aliquam
1544 928 1562 959 5

106 979 294 1018 rationem
323 979 501 1025 inituros,
531 991 609 1029 quo
633 979 750 1017 modo
772 978 818 1017 ab
838 979 1019 1029 Hispanis
1043 985 1218 1026 sumant3
1248 985 1372 1019 cetera
1392 981 1526 1030 utique

108 1035 154 1074 ab
174 1036 298 1074 Roma
328 1035 512 1074 mittenda
533 1047 628 1081 csse,
659 1047 732 1073 nec
754 1035 860 1073 aliter
879 1041 944 1074 aut
963 1036 1175 1074 exereitum
1197 1042 1262 1075 aut
1282 1037 1525 1087 provinciam

110 1092 229 1130 teneri
259 1104 386 1142 posse.
434 1091 568 1130 litteris
600 1091 764 1130 recitatis
794 1104 910 1130 nemo
939 1092 1117 1130 omnium
1139 1099 1229 1138 erat,
1262 1093 1355 1143 quin
1378 1099 1415 1132 et
1435 1106 1524 1132 vera
1542 1099 1562 1131 6

108 1148 223 1187 scribi
247 1155 282 1186 et
302 1148 487 1199 postulari
508 1160 629 1198 aequa
652 1150 857 1195 fateretur3
885 1148 952 1187 sed
976 1148 1205 1187 occurrebat
1225 1150 1376 1197 animis,
1398 1162 1524 1200 quan-

106 1209 165 1244 tos
176 1205 365 1243 exercitus
377 1204 802 1255 terrestrisnavalisque
822 1211 1036 1252 tuerentur,
1058 1211 1279 1257 quantaque
1302 1219 1402 1245 nova
1425 1207 1524 1246 clas-
1573 1203 1574 1206 '

106 1261 159 1300 sis
179 1273 270 1299 mox
293 1261 462 1311 paranda
483 1267 594 1307 esset,
624 1262 655 1300 si
677 1261 821 1300 bellum
843 1262 1136 1301 Macedonicum
1158 1269 1398 1302 moveretur:
1426 1263 1522 1302 Sici·
1543 1270 1562 1300 7

106 1391 199 1423 rant,
237 1394 263 1416 c,
290 1386 349 1421 30,
384 1385 415 1417 4.
439 1402 485 1406 --
509 1386 701 1424 aedfficam't,
728 1384 780 1416 die

106 1428 160 1461 fiir
181 1429 234 1461 die
253 1429 555 1470 WVinterquartiere
584 1432 781 1470 <hiberna=

107 1476 322 1515 hibernacula)
348 1475 505 1516 niithigen
536 1476 721 1513 Baracken,
749 1478 779 1512 5,

106 1522 138 1561 2,
170 1523 197 1554 1.
234 1520 280 1552 Er
302 1520 430 1552 scheint
446 1520 518 1552 also
535 1521 624 1552 seine
641 1520 780 1552 Ansicht

106 1566 276 1607 ge‘a'ndert‚
302 1565 393 1597 nicht
418 1566 488 1597 blos
506 1566 558 1598 ein
580 1566 779 1608 praesidium

106 1613 190 1643 nach
214 1622 240 1643 c.
266 1613 328 1651 46,
363 1615 381 1645 9
408 1612 484 1642 ‹lort
507 1612 677 1654 gelassen,
703 1623 777 1643 son-

106 1657 185 1689 dern
229 1657 298 1688 sein
345 1667 465 1697 ganzes
499 1657 583 1689 Heer
616 1657 713 1688 dahin
747 1658 778 1689 in

106 1703 158 1735 die
185 1702 489 1743 Winterquartiere
513 1702 646 1744 gefiihrt
663 1714 703 1734 zu
723 1704 779 1735 ha—

104 1749 177 1780 ben.
191 1766 237 1770 ——
255 1750 404 1786 Romam,
425 1748 515 1779 nicht
534 1749 654 1789 ger-ade
672 1749 721 1780 als
740 1749 779 1780 ob

106 1794 173 1826 alle
198 1794 229 1825 in
251 1793 330 1825 Rom
355 1794 458 1825 selbst
477 1795 632 1835 gewohnt
649 1795 777 1835 hiitten,

106 1840 246 1871 sondern
268 1839 468 1881 iiberhaupt:
495 1840 578 1870 nach
602 1839 718 1872 Hause.
734 1858 779 1862 -—

105 1888 207 1923 sociis,
234 1885 358 1916 welche
386 1884 543 1926 Quartier
568 1886 632 1916 und
659 1885 778 1917 Unter—

103 1930 176 1962 halt
199 1930 303 1971 geben
323 1934 478 1962 mussten.
496 1949 537 1953 —
553 1933 698 1970 reipubl„
727 1931 778 1963 dic

105 1975 262 2007 Soldaten
295 1975 459 2008 erhielten
489 1977 572 2007 daun
602 1977 692 2008 nicht
717 1977 778 2008 den

106 2031 228 2061 ganzen
256 2021 345 2053 Sold.

154 2067 183 2098 3.
208 2073 235 2098 et
260 2065 375 2107 kniipft
400 2071 505 2097 etwas
531 2078 589 2105 an,
618 2078 687 2099 was
717 2067 777 2098 mit

106 2110 177 2142 dein
204 2112 325 2142 voi-her
349 2110 528 2143 Erziihlten
556 2112 777 2154 gleichzeitig‚

105 2157 171 2188 und
222 2156 382 2188 ebeul'alls
418 2167 481 2187 von
518 2157 619 2188 einein
657 2159 778 2190 Consul

105 2200 302 2242 ausgefiihrt
348 2202 401 2233 ist.
443 2220 486 2224 —
540 2206 662 2243 Gumis,
705 2204 779 2236 hier

105 2247 232 2279 scheiut
265 2247 432 2279 Gracchus
468 2247 518 2279 bis
543 2248 661 2286 dahin,
698 2260 723 2281 s.
750 2260 776 2280 r.

105 2293 159 2332 36,
188 2294 368 2333 gcstanden
389 2304 428 2324 zu
447 2293 563 2329 haben,
592 2292 676 2334 folgt
697 2295 777 2326 aber

99 2337 187 2379 Jetzt
200 2338 372 2374 Hannibal,
399 2350 424 2370 c.
445 2342 498 2378 46,
525 2340 556 2378 8,
586 2340 666 2370 uach
681 2339 775 2382 Apul.

104 2385 230 2424 Luc-er„
269 2395 296 2416 c.
331 2386 391 2422 37,
435 2386 483 2417 13.
524 2402 566 2406 ——
603 2387 637 2416 z'n
661 2387 776 2426 Apul„

106 2430 173 2470 vgl.
199 2431 260 2470 21,
287 2432 342 2467 49,
372 2432 401 2462 3.
425 2448 470 2452 —
495 2431 635 2467 Sccllcm.,
665 2433 715 2467 10,
744 2434 775 2472 2,

106 2475 135 2507 3.
166 2493 203 2497 ——
225 2478 396 2515 providere
432 2475 579 2507 absolut:
621 2476 774 2508 vm-keh—

105 2530 228 2561 rungen
252 2521 388 2561 treffen3
415 2525 501 2562 quod
524 2522 640 2562 geliiirt
660 2533 698 2552 zu
720 2525 775 2554 ad-

102 2568 226 2598 tineo-ec.

169 2627 225 2653 Tit.
244 2627 305 2653 Liv.
326 2627 373 2654 IV.
407 2627 432 2654 5.
449 2628 521 2654 Auss.

895 1381 965 1425 48,
987 1382 1124 1421 4—49.
1151 1385 1430 1427 Verhandlungeu
1444 1387 1525 1419 iiber

850 1430 901 1461 die
928 1429 1113 1471 Erhaltung
1147 1432 1202 1462 des
1230 1431 1350 1463 Heeres
1383 1431 1415 1463 in
1440 1432 1523 1475 Spa-

850 1476 934 1507 uien.
973 1476 1045 1508 val.
1071 1476 1159 1508 Max.
1190 1479 1220 1517 5,
1250 1479 1282 1518 6,
1309 1480 1338 1511 8.

895 1569 993 1600 4—5.
1018 1571 1104 1600 earz‘tu
1129 1581 1156 1600 (ι.
1177 1580 1212 1605 e.,
1239 1579 1263 1600 s.
1282 1579 1308 1599 e.
1335 1570 1389 1604 30.
1412 1570 1460 1602 13.
1478 1586 1523 1592 --

846 1619 932 1654 qesta
960 1624 989 1645 n.
1015 1625 1098 1646 esse:
1130 1614 1162 1644 in
1190 1614 1272 1651 dein,
1299 1614 1362 1646 wie
1387 1614 1440 1646 ich
1464 1615 1522 1646 be-

849 1658 971 1690 rit-hiet
1002 1659 1087 1690 habe
1120 1670 1150 1690 u.
1184 1670 1208 1690 s.
1241 1670 1282 1691 w.
1309 1678 1352 1682 —
1386 1667 1524 1701 quantas

847 1715 972 1745 quamq.
1006 1708 1087 1744 εἴας
1124 1715 1158 1736 es
1192 1705 1264 1736 sind
1299 1705 1351 1737 die
1385 1705 1522 1748 Hiimpfe

849 1751 902 1787 22,
924 1751 988 1789 223
1014 1751 1067 1788 23,
1097 1752 1138 1783 26
1165 1750 1319 1791 gemeint.
1336 1770 1372 1773 -—
1394 1763 1521 1791 penem„

848 1806 872 1825 u
882 1795 912 1827 ie
930 1795 1093 1827 Hannibal
1119 1797 1203 1827 nach
1221 1797 1279 1828 der
1296 1796 1452 1828 Sehlacht
1469 1798 1521 1829 bei

848 1840 979 1873 Cannae
999 1852 1026 1874 c.
1056 1843 1116 1877 12;
1135 1844 1188 1874 41.
1213 1841 1272 1873 Die
1290 1842 1521 1884 Vei-provian-

848 1886 960 1927 tirung
995 1887 1053 1918 der
1078 1887 1181 1919 Heere
1207 1887 1378 1928 geschieht
1404 1888 1435 1919 in
1465 1889 1523 1920 der

848 1931 961 1972 RegeL
988 1933 1052 1973 vgl.
1079 1931 1133 1973 §7
1159 1936 1251 1973 alere,
1276 1943 1340 1964 von
1359 1933 1438 1964 Rom
1463 1944 1522 1966 aus

848 1978 930 2008 nach
966 1977 1024 2009 der
1058 1978 1259 2019 Anordnung
1291 1979 1345 2010 des
1371 1979 1520 2019 Senates,

849 2023 959 2064 Lange
985 2025 1016 2060 2,
1042 2026 1117 2056 407.
1136 2042 1178 2046 ——
1204 2026 1310 2055 omma
1338 2025 1522 2067 iiberhaupt

847 2068 950 2110 Alles,
976 2070 1059 2100 auch
1078 2080 1193 2101 ausser
1211 2070 1282 2101 dem
1302 2069 1518 2109 Erw‘tihntem

846 2125 872 2146 s.
910 2114 930 2155 ἓ
968 2116 1024 2147 12:
1060 2126 1202 2156 quaeque
1225 2118 1297 2147 alia.
1324 2133 1367 2138 —
1396 2124 1521 2148 sumant

846 2160 948 2191 durch
985 2161 1109 2201 Borgen
1158 2161 1237 2192 oder
1279 2161 1521 2193 Ausschreiben

850 2216 911 2236 von
930 2205 1079 2244 Stcnern,
1109 2206 1393 2242 Contributionen,
1419 2218 1445 2239 c.
1464 2209 1519 2246 21,

848 2253 877 2283 5.
926 2255 1026 2284 teneri
1050 2263 1088 2283 zu
1118 2254 1262 2284 exeo-oia:
1288 2252 1449 2289 erhaltcn,
1477 2263 1516 2283 zu

841 2300 1003 2335 prowm..-
1030 2297 1225 2339 bchanpten,
1255 2298 1321 2338 vgl.
1348 2301 1378 2335 4,
1407 2300 1460 2336 58,
1489 2302 1517 2329 ἶ».

845 2361 886 2364 -
915 2345 1012 2374 scribi
1039 2361 1074 2365 —-
1098 2345 1268 2381 postulari,
1298 2342 1487 2374 chiastisch.

889 2389 987 2421 6—8.
1015 2391 1163 2426 recitatis,
1187 2388 1228 2418 ini
1247 2388 1375 2420 Sennte.
1391 2407 1434 2411 —-
1450 2400 1518 2420 mo-

843 2440 935 2472 veret,
960 2443 984 2467 S.
1004 2435 1057 2474 21,
1084 2435 1137 2473 39,
1154 2435 1193 2466 ,1.
1215 2451 1259 2455 ——-
1278 2445 1358 2465 nova
1376 2437 1423 2472 ol„
1452 2436 1517 2475 vgl.

844 2480 906 2512 24.
947 2480 994 2511 11.
1023 2497 1066 2500 —
1091 2480 1292 2518 ,Sao-clinicam,
1320 2479 1422 2512 daher
1448 2490 1519 2511 war

839 2523 960 2562 jedoch
990 2534 1050 2554 vvor
1076 2522 1234 2561 Hui-zoin,
1274 2536 1299 2556 s.
1328 2536 1354 2556 c.
1381 2528 1442 2560 41,
1486 2527 1516 2564 7,

844 2568 926 2600 Geid
945 2570 1008 2600 und
1027 2569 1181 2601 (leti-eide
1203 2571 1412 2614 gekommen3
1438 2571 1518 2602 'dher

1253 2637 1295 2667 25
